% Encoding: UTF-8
@book{kuramoto2003chemical,
  title={Chemical oscillations, waves, and turbulence},
  author={Kuramoto, Yoshiki},
  year={2003},
  publisher={Courier Corporation}
}

@Article{nishikawa2015comparative,
  author    = {Nishikawa, Takashi and Motter, Adilson E},
  journal   = {New Journal of Physics},
  title     = {Comparative analysis of existing models for power-grid synchronization},
  year      = {2015},
  number    = {1},
  pages     = {015012},
  volume    = {17},
  file      = {:papers/nishikawa2015comparative.pdf:PDF},
  publisher = {IOP Publishing},
}

@Article{nagata2014node,
  author    = {Nagata, Motoki and Fujiwara, Naoya and Tanaka, Gouhei and Suzuki, Hideyuki and Kohda, Eiichi and Aihara, Kazuyuki},
  journal   = {The European Physical Journal Special Topics},
  title     = {Node-wise robustness against fluctuations of power consumption in power grids},
  year      = {2014},
  number    = {12},
  pages     = {2549--2559},
  volume    = {223},
  file      = {:papers/nagata2014node.pdf:PDF},
  publisher = {Springer},
}
@article{kron1939tensor,
  title={Tensor analysis of networks},
  author={Kron, Gabriel},
  journal={New York},
  year={1939}
}

@Article{ward1949equivalent,
  author    = {Ward, James B},
  journal   = {Electrical Engineering},
  title     = {Equivalent circuits for power-flow studies},
  year      = {1949},
  number    = {9},
  pages     = {794--794},
  volume    = {68},
  file      = {:papers/athay1979practical.pdf:PDF},
  publisher = {IEEE},
}
@book{wood2013power,
  title={Power generation, operation, and control},
  author={Wood, Allen J and Wollenberg, Bruce F and Shebl{\'e}, Gerald B},
  year={2013},
  publisher={John Wiley \& Sons}
}
@book{chiang2011direct,
  title={Direct methods for stability analysis of electric power systems: theoretical foundation, BCU methodologies, and applications},
  author={Chiang, Hsiao-Dong},
  year={2011},
  publisher={John Wiley \& Sons}
}

@Article{varaiya1985direct,
  author    = {Varaiya, Pravin and Wu, Felix Fulih and Chen, Rong-Liang},
  journal   = {Proceedings of the IEEE},
  title     = {Direct methods for transient stability analysis of power systems: Recent results},
  year      = {1985},
  number    = {12},
  pages     = {1703--1715},
  volume    = {73},
  file      = {:papers/varaiya1985direct.pdf:PDF},
  publisher = {IEEE},
}

@Article{dib2009globally,
  author    = {Dib, Wissam and Ortega, Romeo and Barabanov, Andrey and Lamnabhi-Lagarrigue, Fran{\c{c}}oise},
  journal   = {IEEE Transactions on Automatic Control},
  title     = {A “Globally” convergent controller for multi-machine power systems using structure-preserving models},
  year      = {2009},
  number    = {9},
  pages     = {2179--2185},
  volume    = {54},
  file      = {:papers/dib2009globally.pdf:PDF},
  publisher = {IEEE},
}

@Article{abed1984nonlinear,
  author    = {Abed, Eyad H and Varaiya, Pravin Pratap},
  journal   = {International Journal of Electrical Power \& Energy Systems},
  title     = {Nonlinear oscillations in power systems},
  year      = {1984},
  number    = {1},
  pages     = {37--43},
  volume    = {6},
  file      = {:papers/abed1984nonlinear.pdf:PDF},
  publisher = {Elsevier},
}

@Article{tsolas1985structure,
  author    = {Tsolas, N and Arapostathis, Aristotle and Varaiya, P},
  journal   = {IEEE Transactions on Circuits and Systems},
  title     = {A structure preserving energy function for power system transient stability analysis},
  year      = {1985},
  number    = {10},
  pages     = {1041--1049},
  volume    = {32},
  file      = {:papers/tsolas1985structure.pdf:PDF},
  publisher = {IEEE},
}
@book{anderson2008power,
  title={Power system control and stability},
  author={Anderson, Paul M and Fouad, Aziz A},
  year={2008},
  publisher={John Wiley \& Sons}
}

@Article{bergen1986lyapunov,
  author    = {Bergen, AR and Hill, DJ and De Marcot, CL},
  journal   = {International Journal of Electrical Power \& Energy Systems},
  title     = {Lyapunov function for multimachine power systems with generator flux decay and voltage dependent loads},
  year      = {1986},
  number    = {1},
  pages     = {2--10},
  volume    = {8},
  file      = {:papers/bergen1986lyapunov.pdf:PDF},
  publisher = {Elsevier},
}
@article{athay1979practical,
  title={A practical method for the direct analysis of transient stability},
  author={Athay, T and Podmore, R and Virmani, S},
  journal={IEEE Transactions on Power Apparatus and Systems},
  number={2},
  pages={573--584},
  year={1979},
  publisher={IEEE}
}

@Article{singh2013ieee,
  author  = {Singh, Abhinav Kumar and Pal, Bikash C},
  journal = {IEEE Power Energy Soc},
  title   = {{IEEE PES} task force on benchmark systems for stability controls report on the 68-bus 16-machine 5-area system},
  year    = {2013},
  volume  = {3},
  file    = {:papers/singh2013ieee.pdf:PDF},
}

@Article{lee1992ieee,
  author  = {Lee, D},
  journal = {Energy Development and Power Generating Committee of the Power Engineering Society},
  title   = {{IEEE} recommended practice for excitation system models for power system stability studies (ieee std 421.5-1992)},
  year    = {1992},
  number  = {96},
  volume  = {95},
  file    = {:papers/lee1992ieee.pdf:PDF},
}

@Article{ieee2016ieee,
  author = {IEEE-SA Standards Board},
  title  = {IEEE recommended practice for excitation system models for power system stability studies},
  year   = {2016},
  file   = {:papers/ieee2016ieee.pdf:PDF},
}
@book{sauer2017power,
  title={Power system dynamics and stability: with synchrophasor measurement and power system toolbox},
  author={Sauer, Peter W and Pai, Mangalore A and Chow, Joe H},
  year={2017},
  publisher={John Wiley \& Sons}
}

@Comment{jabref-meta: databaseType:bibtex;}
