@book{北村達也2016,
title={はじめてのMATLAB},
author={北村, 達也},
publisher={近代科学社},
year={2016},
month={11},
day={2},
}

@book{小林一行2020,
title={最新MATLABハンドブック 第七版 機械学習・ディープラーニング対応},
author={小林, 一行},
publisher={秀和システム},
year={2020},
month={12},
day={1},
}

@book{上坂吉則2011,
title={MATLABプログラミング入門},
author={上坂, 吉則},
publisher={牧野書店},
year={2011},
month={5},
day={1},
}

@book{平澤章2021,
title={オブジェクト指向でなぜつくるのか 第３版　知っておきたいOOP、設計、アジャイル開発の基礎知識},
author={平澤, 章},
publisher={日経BP},
year={2021},
month={4},
day={15},
}

@book{Sandi_Metz2016,
title={オブジェクト指向設計実践ガイド　～Rubyでわかる 進化しつづける柔軟なアプリケーションの育て方},
author={Sandi Metz},
translator={髙山泰基},
publisher={技術評論社},
year={2016},
month={9},
day={2},
}