% Encoding: UTF-8

@ARTICLE{abbey2009stochastic,
  author = {Abbey, Chad and Jo{\'o}s, G{\'e}za},
  title = {A stochastic optimization approach to rating of energy storage systems
	in wind-diesel isolated grids},
  journal = {Power Systems, IEEE Transactions on},
  year = {2009},
  volume = {24},
  pages = {418--426},
  number = {1},
  file = {abbey2009stochastic.pdf:abbey2009stochastic.pdf:PDF},
  publisher = {IEEE},
  timestamp = {2014.11.14}
}

@BOOK{abur2004power,
  title = {Power system state estimation: theory and implementation},
  publisher = {CRC press},
  year = {2004},
  author = {Abur, Ali and Exposito, Antonio Gomez},
  file = {abur2004power.pdf:papers\\abur2004power.pdf:PDF},
  timestamp = {2017.04.11}
}

@INPROCEEDINGS{aihara2010impact,
  author = {Aihara, R and Yokoyama, A and Nomiyama, F and Kosugi, N},
  title = {Impact of operational scheduling of pumped storage power plant considering
	excess energy and reduction of fuel cost on power supply reliability
	in a power system with a large penetration of photovoltaic generations},
  booktitle = {Power System Technology (POWERCON), 2010 International Conference
	on},
  year = {2010},
  pages = {1--6},
  organization = {IEEE},
  file = {aihara2010impact.pdf:aihara2010impact.pdf:PDF},
  timestamp = {2014.11.14}
}

@INPROCEEDINGS{aldeen2006observer,
  author = {Aldeen, M and Crusca, F},
  title = {Observer-based fault detection and identification scheme for power
	systems},
  booktitle = {Generation, Transmission and Distribution, IEE Proceedings-},
  year = {2006},
  volume = {153},
  number = {1},
  pages = {71--79},
  organization = {IET},
  file = {aldeen2006observer.pdf:aldeen2006observer.pdf:PDF},
  timestamp = {2013.05.02}
}

@ARTICLE{althoff2010reachability,
  author = {Althoff, Matthias},
  title = {Reachability analysis and its application to the safety assessment
	of autonomous cars},
  journal = {Technische Universitt Mnchen},
  year = {2010},
  timestamp = {2015.06.01}
}

@Book{annaswamy2013ieee,
  title     = {{IEEE} vision for smart grid controls: 2030 and beyond},
  publisher = {IEEE},
  year      = {2013},
  author    = {Annaswamy, Anuradha M and Amin, Massoud},
  file      = {annaswamy2013ieee.pdf:annaswamy2013ieee.pdf:PDF},
  timestamp = {2016.09.29},
}

@ARTICLE{antunes2004multiple,
  author = {Antunes, C Henggeler and Martins, A Gomes and Brito, Isabel Sofia},
  title = {A multiple objective mixed integer linear programming model for power
	generation expansion planning},
  journal = {Energy},
  year = {2004},
  volume = {29},
  pages = {613--627},
  number = {4},
  file = {antunes2004multiple.pdf:antunes2004multiple.pdf:PDF},
  owner = {koike},
  publisher = {Elsevier},
  timestamp = {2013.11.21}
}

@ARTICLE{appel2011overview,
  author = {Appel, K Wyat and Gilliam, Robert C and Davis, Neil and Zubrow, Alexis
	and Howard, Steven C},
  title = {Overview of the atmospheric model evaluation tool (AMET) v1. 1 for
	evaluating meteorological and air quality models},
  journal = {Environmental Modelling \& Software},
  year = {2011},
  volume = {26},
  pages = {434--443},
  number = {4},
  file = {appel2011overview.pdf:appel2011overview.pdf:PDF},
  publisher = {Elsevier},
  timestamp = {2014.11.14}
}

@INPROCEEDINGS{arnold2011model,
  author = {Arnold, Michele and Andersson, G{\"o}ran},
  title = {Model predictive control of energy storage including uncertain forecasts},
  booktitle = {Power Systems Computation Conference (PSCC), 2011},
  year = {2011},
  file = {arnold2011model.pdf:arnold2011model.pdf:PDF},
  timestamp = {2014.06.26}
}

@ARTICLE{arun2009optimum,
  author = {Arun, P and Banerjee, Rangan and Bandyopadhyay, Santanu},
  title = {Optimum sizing of photovoltaic battery systems incorporating uncertainty
	through design space approach},
  journal = {Solar Energy},
  year = {2009},
  volume = {83},
  pages = {1013--1025},
  number = {7},
  file = {arun2009optimum.pdf:arun2009optimum.pdf:PDF},
  owner = {koike},
  publisher = {Elsevier},
  timestamp = {2013.11.21}
}

@INPROCEEDINGS{baros2014intelligent,
  author = {Baros, Stefanos and Ilic, Marija},
  title = {intelligent {Balancing Authorities (iBAs)} for transient stabilization
	of large power systems},
  booktitle = {PES General Meeting| Conference \& Exposition, 2014 IEEE},
  year = {2014},
  pages = {1--5},
  organization = {IEEE},
  file = {baros2014intelligent.pdf:baros2014intelligent.pdf:PDF},
  timestamp = {2016.02.22}
}

@BOOK{ben2009robust,
  title = {Robust optimization},
  publisher = {Princeton University Press},
  year = {2009},
  author = {Ben-Tal, Aharon and El Ghaoui, Laurent and Nemirovski, Arkadi},
  file = {ben2009robust.pdf:ben2009robust.pdf:PDF},
  timestamp = {2015.04.18}
}

@INPROCEEDINGS{bhattacharya2014dynamic,
  author = {Bhattacharya, Rupen and Panigrahi, Chinmoy Kumar},
  title = {Dynamic economic load dispatch using classical and soft computing
	techniques},
  booktitle = {Green Computing Communication and Electrical Engineering (ICGCCEE),
	2014 International Conference on},
  year = {2014},
  pages = {1--6},
  organization = {IEEE},
  timestamp = {2015.06.01}
}

@INPROCEEDINGS{bienstock2013robust,
  author = {Bienstock, Daniel and Chertkov, Michael and Harnett, Sean},
  title = {Robust Modeling of Probabilistic Uncertainty in Smart Grids: Data
	Ambiguous Chance Constrained Optimum Power Flow},
  booktitle = {Decision and Control (CDC), 2013 Proceedings of the 52nd IEEE Conference
	on},
  year = {2013},
  pages = {4335--4340},
  organization = {IEEE},
  file = {bienstock2013robust.pdf:bienstock2013robust.pdf:PDF},
  timestamp = {2014.06.26}
}

@INPROCEEDINGS{blackmore2006probabilistic,
  author = {Blackmore, Lars and Li, Hui and Williams, Brian},
  title = {A probabilistic approach to optimal robust path planning with obstacles},
  booktitle = {American Control Conference (ACC), 2006},
  year = {2006},
  organization = {IEEE},
  file = {blackmore2006probabilistic.pdf:blackmore2006probabilistic.pdf:PDF},
  timestamp = {2015.04.18}
}

@INPROCEEDINGS{bofinger2006solar,
  author = {Bofinger, Stefan and Heilscher, Gerd},
  title = {Solar electricity forecast-approaches and first results},
  booktitle = {European Photovoltaic Solar Energy Conference (EU PVSEC), 2006},
  year = {2006},
  number = {9},
  pages = {4--8},
  file = {bofinger2006solar.pdf:bofinger2006solar.pdf:PDF},
  timestamp = {2014.11.14}
}

@INPROCEEDINGS{bu2011stochastic,
  author = {Bu, Shengrong and Yu, F Richard and Liu, Peter X},
  title = {Stochastic unit commitment in smart grid communications},
  booktitle = {Computer Communications Workshops (INFOCOM WKSHPS), 2011 IEEE Conference
	on},
  year = {2011},
  pages = {307--312},
  organization = {IEEE},
  file = {bu2011stochastic.pdf:bu2011stochastic.pdf:PDF},
  owner = {koike},
  timestamp = {2013.11.21}
}

@ARTICLE{chapman1993stabilizing,
  author = {Chapman, JW and Ilic, MD and King, CA and Eng, L and Kaufman, H},
  title = {Stabilizing a multimachine power system via decentralized feedback
	linearizing excitation control},
  journal = {IEEE Transactions on Power Systems},
  year = {1993},
  volume = {8},
  pages = {830--839},
  number = {3},
  file = {chapman1993stabilizing.pdf:chapman1993stabilizing.pdf:PDF},
  publisher = {IEEE},
  timestamp = {2016.08.30}
}

@BOOK{chassin2004modeling,
  title = {Modeling power systems as complex adaptive systems},
  publisher = {Pacific Northwest National Laboratory},
  year = {2004},
  author = {Chassin, David P and Malard, Joel M and Posse, Christian and Gangopadhyaya,
	Asim and Lu, Ning and Katipamula, Srinivas and Mallow, JV},
  file = {chassin2004modeling.pdf:chassin2004modeling.pdf:PDF},
  timestamp = {2015.05.12}
}

@ARTICLE{chow1992toolbox,
  author = {Chow, Joe H and Cheung, Kwok W},
  title = {A toolbox for power system dynamics and control engineering education
	and research},
  journal = {Power Systems, IEEE Transactions on},
  year = {1992},
  volume = {7},
  pages = {1559--1564},
  number = {4},
  file = {chow1992toolbox.pdf:chow1992toolbox.pdf:PDF},
  publisher = {IEEE},
  timestamp = {2016.02.24}
}

@ARTICLE{damousis2004solution,
  author = {Damousis, Ioannis G and Bakirtzis, Anastasios G and Dokopoulos, Petros
	S},
  title = {A solution to the unit-commitment problem using integer-coded genetic
	algorithm},
  journal = {Power Systems, IEEE Transactions on},
  year = {2004},
  volume = {19},
  pages = {1165--1172},
  number = {2},
  file = {damousis2004solution.pdf:damousis2004solution.pdf:PDF},
  owner = {koike},
  publisher = {IEEE},
  timestamp = {2013.11.21}
}

@INPROCEEDINGS{di2013modeling,
  author = {Di Bella, Giuseppe and Giarr{\`e}, Laura and Ippolito, Mariano and
	Jean-Marie, Alain and Neglia, Giovanni and Tinnirello, Ilenia},
  title = {Modeling energy demand aggregators for residential consumers},
  booktitle = {Decision and Control (CDC), 2013 Proceedings of the 52nd IEEE Conference
	on},
  year = {2013},
  pages = {6280--6285},
  organization = {IEEE},
  file = {di2013modeling.pdf:di2013modeling.pdf:PDF},
  timestamp = {2014.06.26}
}

@ARTICLE{dicorato2012planning,
  author = {Dicorato, Maria and Forte, Giuseppe and Pisani, Mariagiovanna and
	Trovato, Michele},
  title = {Planning and operating combined wind-storage system in electricity
	market},
  journal = {Sustainable Energy, IEEE Transactions on},
  year = {2012},
  volume = {3},
  pages = {209--217},
  number = {2},
  file = {dicorato2012planning.pdf:dicorato2012planning.pdf:PDF},
  publisher = {IEEE},
  timestamp = {2014.10.31}
}

@ARTICLE{dvorkin2014hybrid,
  author = {Dvorkin, Yury and Pandzic, H and Ortega-Vazquez, Miguel A and Kirschen,
	Daniel S},
  title = {A Hybrid Stochastic/Interval Approach to Transmission-Constrained
	Unit Commitment},
  journal = {Power Systems, IEEE Transactions on},
  year = {2014},
  volume = {30},
  pages = {621--631},
  number = {2},
  file = {dvorkin2014hybrid.pdf:dvorkin2014hybrid.pdf:PDF},
  publisher = {IEEE},
  timestamp = {2015.04.23}
}

@BOOK{hardle2007applied,
  title = {Applied multivariate statistical analysis},
  publisher = {Springer},
  year = {2007},
  author = {H{\"a}rdle, Wolfgang and Simar, L{\'e}opold},
  volume = {22007},
  timestamp = {2014.09.30}
}

@ARTICLE{hamilton2010understanding,
  author = {Hamilton, Booz Allen and Miller, Joe and Renz, Bruce},
  title = {Understanding the benefits of the smart grid-smart grid implementation
	strategy},
  journal = {United States: United States Department of Energy’s National Energy
	Technology Laboratory},
  year = {2010},
  file = {hamilton2010understanding.pdf:hamilton2010understanding.pdf:PDF},
  timestamp = {2017.03.13}
}

@ARTICLE{hanna2014energy,
  author = {Hanna, R and Kleissl, J and Nottrott, A and Ferry, M},
  title = {Energy dispatch schedule optimization for demand charge reduction
	using a photovoltaic-battery storage system with solar forecasting},
  journal = {Solar Energy},
  year = {2014},
  volume = {103},
  pages = {269--287},
  file = {hanna2014energy.pdf:hanna2014energy.pdf:PDF},
  publisher = {Elsevier},
  timestamp = {2015.04.17}
}

@ARTICLE{harsha2015optimal,
  author = {Harsha, Pavithra and Dahleh, Munther},
  title = {Optimal management and sizing of energy storage under dynamic pricing
	for the efficient integration of renewable energy},
  journal = {Power Systems, IEEE Transactions on},
  year = {2015},
  volume = {30},
  pages = {1164--1181},
  number = {3},
  file = {harsha2015optimal.pdf:papers\\harsha2015optimal.pdf:PDF},
  publisher = {IEEE},
  timestamp = {2016.04.16}
}

@Article{he2015optimal,
  author    = {He, Guannan and Chen, Qixin and Kang, Chongqing and Pinson, Pierre and Xia, Qing},
  title     = {Optimal bidding strategy of battery storage in power markets considering performance-based regulation and battery cycle life},
  journal   = {IEEE Transactions on Smart Grid},
  year      = {2015},
  volume    = {7},
  number    = {5},
  pages     = {2359--2367},
  publisher = {IEEE},
}

@ARTICLE{he2009interval,
  author = {He, Li and Huang, Guo H and Zeng, Guangming and Lu, Hongwei},
  title = {An interval mixed-integer semi-infinite programming method for municipal
	solid waste management},
  journal = {Journal of the Air \& Waste Management Association},
  year = {2009},
  volume = {59},
  pages = {236--246},
  number = {2},
  file = {he2009interval.pdf:papers\\he2009interval.pdf:PDF},
  owner = {koike},
  publisher = {Taylor \& Francis},
  timestamp = {2013.06.21}
}

@ARTICLE{hladik2011optimal,
  author = {Hlad{\'\i}k, Milan},
  title = {Optimal value bounds in nonlinear programming with interval data},
  journal = {Top},
  year = {2011},
  volume = {19},
  pages = {93--106},
  number = {1},
  file = {hladik2011optimal.pdf:hladik2011optimal.pdf:PDF},
  publisher = {Springer},
  timestamp = {2015.09.07}
}

@ARTICLE{huang1995grey,
  author = {Huang, Guo H and Baetz, Brian W and Patry, Gilles G},
  title = {Grey integer programming: an application to waste management planning
	under uncertainty},
  journal = {European Journal of Operational Research},
  year = {1995},
  volume = {83},
  pages = {594--620},
  number = {3},
  file = {huang1995grey.pdf:huang1995grey.pdf:PDF},
  owner = {koike},
  publisher = {Elsevier},
  timestamp = {2013.06.21}
}

@ARTICLE{ichida1996constrained,
  author = {Ichida, K},
  title = {Constrained optimization using interval analysis},
  journal = {Computers \& industrial engineering},
  year = {1996},
  volume = {31},
  pages = {933--937},
  number = {3},
  file = {ichida1996constrained.pdf:ichida1996constrained.pdf:PDF},
  publisher = {Elsevier},
  timestamp = {2014.10.31}
}

@BOOK{ilic1996hierarchical,
  title = {Hierarchical power systems control: its value in a changing industry},
  publisher = {Springer Heidelberg},
  year = {1996},
  author = {Ilic, Marija D and Liu, Shell},
  owner = {koike},
  timestamp = {2013.05.29}
}

@BOOK{international2012world,
  title = {World Energy Outlook, 2012},
  publisher = {OECD/IEA},
  year = {2012},
  author = {{International Energy Agency}},
  owner = {koike},
  timestamp = {2013.11.28}
}

@INPROCEEDINGS{ishizaki2014monotonicity,
  author = {Ishizaki, Takayuki and Koike, Masakazu and Ramdani, Nacim and Imura,
	Jun-ichi},
  title = {Monotonicity Characterization of Interval Quadratic Programming},
  booktitle = {Proceedings of the 21st International Symposium on Mathematical Theory
	of Networks and Systems},
  year = {2014},
  pages = {792--799},
  file = {ishizaki2014monotonicity.pdf:ishizaki2014monotonicity.pdf:PDF},
  owner = {koike},
  timestamp = {2014.04.01}
}

@ARTICLE{koike2014planning,
  author = {Koike, Masakazu and Ishizaki, Takayuki and Ueda, Yuzuru and Masuta,
	Taisuke and Oozeki, Takashi and Ramdani, Nacim and Sadamoto, Tomonori
	and Imura, Jun-ichi},
  title = {Planning of Optimal Daily Power Generation Tolerating Prediction
	Uncertainty of Demand and Photovoltaics},
  year = {2014},
  pages = {3657--3662},
  booktitle = {Proceedings of the 19th IFAC World Congress},
  file = {koike2014planning.pdf:koike2014planning.pdf:PDF},
  owner = {koike},
  timestamp = {2014.01.21}
}

@ARTICLE{le2010reachability,
  author = {Le Guernic, Colas and Girard, Antoine},
  title = {Reachability analysis of linear systems using support functions},
  journal = {Nonlinear Analysis: Hybrid Systems},
  year = {2010},
  volume = {4},
  pages = {250--262},
  number = {2},
  file = {le2010reachability.pdf:le2010reachability.pdf:PDF},
  publisher = {Elsevier},
  timestamp = {2015.04.15}
}

@INPROCEEDINGS{li2012optimal,
  author = {Li, Lili and Ding, Qia and Li, Hucheng and Dan, Maohua},
  title = {Optimal dispatching method for smoothing power fluctuations of the
	wind-photovoltaic-battery hybrid generation system},
  booktitle = {Innovative Smart Grid Technologies Asia (ISGT Asia), 2012 Proceedings
	of the IEEE},
  year = {2012},
  pages = {1--6},
  organization = {IEEE},
  file = {li2012optimal.pdf:li2012optimal.pdf:PDF},
  timestamp = {2015.04.17}
}

@ARTICLE{li2008numerical,
  author = {Li, Wei and Tian, Xiaoli},
  title = {Numerical solution method for general interval quadratic programming},
  journal = {Applied mathematics and computation},
  year = {2008},
  volume = {202},
  pages = {589--595},
  number = {2},
  file = {li2008numerical.pdf:li2008numerical.pdf:PDF},
  owner = {koike},
  publisher = {Elsevier},
  timestamp = {2013.11.21}
}

@ARTICLE{liang2007fuzzy,
  author = {Liang, Ruey-Hsun and Liao, Jian-Hao},
  title = {A fuzzy-optimization approach for generation scheduling with wind
	and solar energy systems},
  journal = {Power Systems, IEEE Transactions on},
  year = {2007},
  volume = {22},
  pages = {1665--1674},
  number = {4},
  file = {liang2007fuzzy.pdf:liang2007fuzzy.pdf:PDF},
  publisher = {IEEE},
  timestamp = {2014.11.14}
}

@ARTICLE{lin2008ipem,
  author = {Lin, QG and Huang, GH},
  title = {{IPEM}: an interval-parameter energy systems planning model},
  journal = {Energy Sources, Part A},
  year = {2008},
  volume = {30},
  pages = {1382--1399},
  number = {14-15},
  file = {lin2008ipem.pdf:papers\\lin2008ipem.pdf:PDF},
  owner = {koike},
  publisher = {Taylor \& Francis},
  timestamp = {2013.09.05}
}

@ARTICLE{liu2016bidding,
  author = {Liu, Guodong and Xu, Yan and Tomsovic, Kevin},
  title = {Bidding Strategy for Microgrid in Day-Ahead Market Based on Hybrid
	Stochastic/Robust Optimization},
  journal = {Smart Grid, IEEE Transactions on},
  year = {2016},
  volume = {7},
  pages = {227--237},
  number = {1},
  file = {liu2016bidding.pdf:liu2016bidding.pdf:PDF},
  publisher = {IEEE},
  timestamp = {2016.06.10}
}

@ARTICLE{liu2007numerical,
  author = {Liu, Shiang-Tai and Wang, Rong-Tsu},
  title = {A numerical solution method to interval quadratic programming},
  journal = {Applied mathematics and computation},
  year = {2007},
  volume = {189},
  pages = {1274--1281},
  number = {2},
  file = {liu2007numerical.pdf:liu2007numerical.pdf:PDF},
  owner = {koike},
  publisher = {Elsevier},
  timestamp = {2013.11.21}
}

@ARTICLE{lu2005short,
  author = {Lu, Bo and Shahidehpour, Mohammad},
  title = {Short-term scheduling of battery in a grid-connected PV/battery system},
  journal = {Power Systems, IEEE Transactions on},
  year = {2005},
  volume = {20},
  pages = {1053--1061},
  number = {2},
  file = {lu2005short.pdf:lu2005short.pdf:PDF},
  publisher = {IEEE},
  timestamp = {2015.04.18}
}

@ARTICLE{maiga2014csp,
  author = {Ma{\"\i}ga, Moussa and Ramdani, Nacim and Trav{\'e}-Massuy{\`e}s,
	Louise and Combastel, Christophe},
  title = {A {CSP} Versus a Zonotope-Based Method for Solving Guard Set Intersection
	in Nonlinear Hybrid Reachability},
  journal = {Mathematics in Computer Science},
  year = {2014},
  volume = {8},
  pages = {407--423},
  number = {3-4},
  file = {maiga2014csp.pdf:maiga2014csp.pdf:PDF},
  publisher = {Springer},
  timestamp = {2015.04.15}
}

@ARTICLE{malcolm1994robust,
  author = {Malcolm, Scott A and Zenios, Stavros A},
  title = {Robust optimization for power systems capacity expansion under uncertainty},
  journal = {Journal of the operational research society},
  year = {1994},
  volume = {45},
  pages = {1040--1049},
  number = {9},
  file = {malcolm1994robust.pdf:malcolm1994robust.pdf:PDF},
  publisher = {JSTOR},
  timestamp = {2015.04.18}
}

@ARTICLE{marwali1998short,
  author = {Marwali, MKC and Haili, Ma and Shahidehpour, SM and Abdul-Rahman,
	KH},
  title = {Short term generation scheduling in photovoltaic-utility grid with
	battery storage},
  journal = {Power Systems, IEEE Transactions on},
  year = {1998},
  volume = {13},
  pages = {1057--1062},
  number = {3},
  file = {marwali1998short.pdf:marwali1998short.pdf:PDF},
  publisher = {IEEE}
}

@ARTICLE{masuta2012supplementary,
  author = {Masuta, Taisuke and Yokoyama, Akihiko},
  title = {Supplementary load frequency control by use of a number of both electric
	vehicles and heat pump water heaters},
  journal = {Smart Grid, IEEE Transactions on},
  year = {2012},
  volume = {3},
  pages = {1253--1262},
  number = {3},
  file = {masuta2012supplementary.pdf:masuta2012supplementary.pdf:PDF},
  publisher = {IEEE},
  timestamp = {2014.10.22}
}

@ARTICLE{mazhoud2012interval,
  author = {Mazhoud, Issam and Hadj-Hamou, Khaled and Bigeon, Jean and Remy,
	Ghislain},
  title = {Interval-based global optimization in engineering using model reformulation
	and constraint propagation},
  journal = {Engineering Applications of Artificial Intelligence},
  year = {2012},
  volume = {25},
  pages = {404--417},
  number = {2},
  file = {mazhoud2012interval.pdf:mazhoud2012interval.pdf:PDF},
  publisher = {Elsevier},
  timestamp = {2014.10.31}
}

@ARTICLE{meibom2011stochastic,
  author = {Meibom, Peter and Barth, R{\"u}diger and Hasche, Bernhard and Brand,
	Heike and Weber, Christoph and O'Malley, Mark},
  title = {Stochastic optimization model to study the operational impacts of
	high wind penetrations in {I}reland},
  journal = {Power Systems, IEEE Transactions on},
  year = {2011},
  volume = {26},
  pages = {1367--1379},
  number = {3},
  file = {meibom2011stochastic.pdf:meibom2011stochastic.pdf:PDF},
  publisher = {IEEE},
  timestamp = {2014.06.26}
}

@INPROCEEDINGS{momoh1998application,
  author = {Momoh, JA and Zhu, JZ},
  title = {Application of {AHP/ANP} to unit commitment in the deregulated power
	industry},
  booktitle = {Systems, Man, and Cybernetics (SMC), 1998 Proceedings of the IEEE
	International Conference on},
  year = {1998},
  volume = {1},
  pages = {817--822},
  organization = {IEEE},
  file = {momoh1998application.pdf:momoh1998application.pdf:PDF},
  owner = {koike},
  timestamp = {2013.11.27}
}

@INPROCEEDINGS{nayyar2013aggregate,
  author = {Nayyar, Ashutosh and Taylor, Josh and Subramanian, Anand and Poolla,
	Kameshwar and Varaiya, Pravin},
  title = {Aggregate flexibility of a collection of loads},
  booktitle = {Decision and Control (CDC), 2013 Proceedings of the 52nd IEEE Conference
	on},
  year = {2013},
  pages = {5600--5607},
  organization = {IEEE},
  file = {nayyar2013aggregate.pdf:nayyar2013aggregate.pdf:PDF},
  timestamp = {2014.06.26}
}

@ARTICLE{ohtake2012accuracy,
  author = {Ohtake, Hideaki and Shimose, Kenichi and Silva, F. J and Takashima,
	Takumi and Oozeki, Takashi and Yamada, Yoshinori},
  title = {Accuracy of the solar irradiance forecasts of the {J}apan Meteorological
	Agency mesoscale model for the {K}anto region, {J}apan},
  journal = {Solar Energy},
  year = {2013},
  volume = {98, Part B},
  pages = {138--152},
  file = {ohtake2012accuracy.pdf:ohtake2012accuracy.pdf:PDF},
  publisher = {IEEE},
  timestamp = {2015.04.18}
}

@INPROCEEDINGS{oozeki2009evaluation,
  author = {Oozeki, Takashi and Otani, Kenji and Takashima, Takumi and Hishikawa,
	Yoshihiro and Koshimizu, Gentarou and Uchida, Yoshihisa and Ogimoto,
	Kazuhiko},
  title = {An evaluation method for smoothing effect on photovoltaic systems
	dispersed in a large area},
  booktitle = {Photovoltaic Specialists Conference (PVSC), 2009 Proceedings of the
	34th IEEE},
  year = {2009},
  pages = {2250--2251},
  file = {oozeki2009evaluation.pdf:oozeki2009evaluation.pdf:PDF},
  timestamp = {2015.04.18}
}

@ARTICLE{Ott2003experience,
  author = {Ott, Andrew L},
  title = {Experience with {PJM} market operation, system design, and implementation},
  journal = {IEEE Transactions on Power Systems},
  year = {2003},
  volume = {18},
  pages = {528--534},
  number = {2},
  publisher = {IEEE},
  timestamp = {2017.01.30}
}

@BOOK{patel2012wind,
  title = {Wind and Solar Power Systems: Design, Analysis, and Operation, Second
	Edition},
  publisher = {Taylor \& Francis},
  year = {2012},
  author = {Patel, M.R.},
  timestamp = {2015.04.18}
}

@BOOK{paulescu2012weather,
  title = {Weather Modeling and Forecasting of PV Systems Operation},
  publisher = {Springer},
  year = {2012},
  author = {Paulescu, M. and Paulescu, E. and Gravila, P. and Badescu, V.},
  isbn = {9781447146490},
  timestamp = {2015.04.18}
}

@INPROCEEDINGS{petiau2009confidence,
  author = {Petiau, B},
  title = {Confidence interval estimation for short-term load forecasting},
  booktitle = {PowerTech, 2009 IEEE Bucharest},
  year = {2009},
  pages = {1--6},
  organization = {IEEE},
  file = {petiau2009confidence.pdf:petiau2009confidence.pdf:PDF},
  owner = {koike},
  timestamp = {2013.11.20}
}

@INPROCEEDINGS{qiu2009literature,
  author = {Qiu, Zhifeng and Deconinck, Geert and Belmans, Ronnie},
  title = {A literature survey of optimal power flow problems in the electricity
	market context},
  booktitle = {Power Systems Conference and Exposition (PSCE), 2009 IEEE/PES},
  year = {2009},
  pages = {1--6},
  organization = {IEEE},
  file = {qiu2009literature.pdf:qiu2009literature.pdf:PDF},
  timestamp = {2015.04.17}
}

@ARTICLE{ramdani2009hybrid,
  author = {Ramdani, Nacim and Meslem, Nacim and Candau, Yves},
  title = {A hybrid bounding method for computing an over-approximation for
	the reachable set of uncertain nonlinear systems},
  journal = {Automatic Control, IEEE Transactions on},
  year = {2009},
  volume = {54},
  pages = {2352--2364},
  number = {10},
  file = {ramdani2009hybrid.pdf:ramdani2009hybrid.pdf:PDF},
  publisher = {IEEE},
  timestamp = {2015.04.27}
}

@ARTICLE{reid1973economic,
  author = {Reid, Gerald F and Hasdorff, Lawrence},
  title = {Economic dispatch using quadratic programming},
  journal = {Power Apparatus and Systems, IEEE Transactions on},
  year = {1973},
  volume = {92},
  pages = {2015--2023},
  number = {6},
  file = {reid1973economic.pdf:reid1973economic.pdf:PDF},
  publisher = {IEEE},
  timestamp = {2014.10.22}
}

@ARTICLE{riffonneau2011optimal,
  author = {Riffonneau, Yann and Bacha, Seddik and Barruel, Franck and Ploix,
	Stephane},
  title = {Optimal power flow management for grid connected {PV} systems with
	batteries},
  journal = {Sustainable Energy, IEEE Transactions on},
  year = {2011},
  volume = {2},
  pages = {309--320},
  number = {3},
  file = {riffonneau2011optimal.pdf:papers\\riffonneau2011optimal.pdf:PDF},
  publisher = {IEEE},
  timestamp = {2014.02.04}
}

@ARTICLE{sadamoto2015spatiotemporally,
  author = {Sadamoto, Tomonori and Ishizaki, Takayuki and Koike, Masakazu and
	Ueda, Yuzuru and Imura, Jun-ichi},
  title = {Spatiotemporally Multiresolutional Optimization Toward Supply-Demand-Storage
	Balancing Under PV Prediction Uncertainty},
  journal = {Smart Grid, IEEE Transactions on},
  year = {2015},
  volume = {6},
  pages = {853--865},
  number = {2},
  file = {sadamoto2015spatiotemporally.pdf:sadamoto2015spatiotemporally.pdf:PDF},
  publisher = {IEEE},
  timestamp = {2015.04.17}
}

@ARTICLE{sadamoto2014power,
  author = {Tomonori Sadamoto and Ikuma Muto and Takayuki Ishizaki and Masakazu
	Koike and Junichi Imura},
  title = {Power Supply Scheduling Optimization from a Viewpoint of Spatio-Temporal
	Aggregation},
  year = {2014},
  pages = {4571--4577},
  booktitle = {Proceedings of the 19th IFAC World Congress},
  file = {sadamoto2014power.pdf:sadamoto2014power.pdf:PDF},
  timestamp = {2015.04.18}
}

@ARTICLE{sauer1998power,
  author = {Sauer, Peter W and Pai, MA},
  title = {Power system dynamics and stability},
  journal = {Urbana},
  year = {1998},
  file = {sauer1998power.pdf:papers\\sauer1998power.pdf:PDF},
  timestamp = {2016.04.18}
}

@INCOLLECTION{scholkopf1998support,
  author = {Sch{\"o}lkopf, B and Bartlett, P and Smola, A and Williamson, R},
  title = {Support vector regression with automatic accuracy control},
  booktitle = {Artificial Neural Networks (ICANN), 1998 Proceedings of the 8th International
	Conference on},
  publisher = {Springer},
  year = {1998},
  pages = {111--116},
  timestamp = {2014.11.12}
}

@BOOK{seppala1996load,
  title = {Load research and load estimation in electricity distribution},
  publisher = {Technical Research Centre of Finland},
  year = {1996},
  author = {Sepp{\"a}l{\"a}, Anssi},
  owner = {koike},
  timestamp = {2013.11.20}
}

@ARTICLE{serrano2004theory,
  author = {Serrano, Roberto},
  title = {The theory of implementation of social choice rules},
  journal = {SIAM review},
  year = {2004},
  volume = {46},
  pages = {377--414},
  number = {3},
  file = {serrano2004theory.pdf:serrano2004theory.pdf:PDF},
  publisher = {SIAM},
  timestamp = {2015.04.23}
}

@ARTICLE{shi2009game,
  author = {Shi, Yi and Wang, Jiaheng and Letaief, K and Mallik, Ranjan K},
  title = {A game-theoretic approach for distributed power control in interference
	relay channels},
  journal = {Wireless Communications, IEEE Transactions on},
  year = {2009},
  volume = {8},
  pages = {3151--3161},
  number = {6},
  file = {shi2009game.pdf:shi2009game.pdf:PDF},
  publisher = {IEEE},
  timestamp = {2015.04.24}
}

@ARTICLE{silva2014pre,
  author = {Silva Fonseca, Joao Gari and Oozeki, Takashi and Ohtake, Hideaki
	and Ogimoto, Kazuhiko},
  title = {Preliminary Study on Prediction Intervals for Regional Forecasts
	of Photovoltaic Power Generation in {J}apan},
  year = {2014},
  booktitle = {Proceedings of the World Renewable Energy Congress/Network (WREC/WREN),2014},
  publisher = {Wiley Online Library},
  timestamp = {2014.11.14}
}

@ARTICLE{silva2012use,
  author = {Silva Fonseca, Joao Gari and Oozeki, Takashi and Takashima, Takumi
	and Koshimizu, Gentarou and Uchida, Yoshihisa and Ogimoto, Kazuhiko},
  title = {Use of support vector regression and numerically predicted cloudiness
	to forecast power output of a photovoltaic power plant in Kitakyushu,
	Japan},
  journal = {Progress in Photovoltaics: Research and Applications},
  year = {2012},
  volume = {20},
  pages = {874--882},
  number = {7},
  publisher = {Wiley Online Library},
  timestamp = {2014.11.14}
}

@ARTICLE{sturt2012efficient,
  author = {Sturt, Alexander and Strbac, Goran},
  title = {Efficient stochastic scheduling for simulation of wind-integrated
	power systems},
  journal = {Power Systems, IEEE Transactions on},
  year = {2012},
  volume = {27},
  pages = {323--334},
  number = {1},
  file = {sturt2012efficient.pdf:sturt2012efficient.pdf:PDF},
  publisher = {IEEE},
  timestamp = {2014.11.14}
}

@INPROCEEDINGS{suman2014load,
  author = {Suman, M and Venu Gopala Rao, M and Naga Kumar, GRS and Chandra Sekhar,
	O},
  title = {Load frequency control of three unit interconnected multimachine
	power system with PI and fuzzy controllers},
  booktitle = {Advances in Electrical Engineering (ICAEE), 2014 International Conference
	on},
  year = {2014},
  pages = {1--5},
  organization = {IEEE},
  file = {suman2014load.pdf:suman2014load.pdf:PDF},
  timestamp = {2015.04.17}
}

@ARTICLE{susuki2011coherent,
  author = {Susuki, Yoshihiko and Mezi{\'c}, Igor and Hikihara, Takashi},
  title = {Coherent swing instability of power grids},
  journal = {Journal of nonlinear science},
  year = {2011},
  volume = {21},
  pages = {403--439},
  number = {3},
  file = {susuki2011coherent.pdf:susuki2011coherent.pdf:PDF},
  publisher = {Springer},
  timestamp = {2016.03.04}
}

@INPROCEEDINGS{susuki2010coherent,
  author = {Susuki, Yoshihiko and Mezi{\'c}, Igor and Hikihara, Takashi},
  title = {Coherent swing instability of power systems and cascading failures},
  booktitle = {Power and Energy Society General Meeting, 2010 IEEE},
  year = {2010},
  pages = {1--8},
  organization = {IEEE},
  file = {susuki2010coherent.pdf:susuki2010coherent.pdf:PDF},
  timestamp = {2016.03.04}
}

@ARTICLE{susuki2014nonlinear,
  author = {Susuki, Yoshihiko and Mezic, Igor},
  title = {Nonlinear Koopman modes and power system stability assessment without
	models},
  journal = {Power Systems, IEEE Transactions on},
  year = {2014},
  volume = {29},
  pages = {899--907},
  number = {2},
  file = {susuki2014nonlinear.pdf:susuki2014nonlinear.pdf:PDF},
  publisher = {IEEE},
  timestamp = {2016.03.04}
}

@ARTICLE{teng2013optimal,
  author = {Teng, Jen-Hao and Luan, Shang-Wen and Lee, Dong-Jing and Huang, Yong-Qing},
  title = {Optimal charging/discharging scheduling of battery storage systems
	for distribution systems interconnected with sizeable PV generation
	systems},
  journal = {Power Systems, IEEE Transactions on},
  year = {2013},
  volume = {28},
  pages = {1425--1433},
  number = {2},
  file = {teng2013optimal.pdf:teng2013optimal.pdf:PDF},
  publisher = {IEEE},
  timestamp = {2015.04.17}
}

@ARTICLE{de2004finding,
  author = {de la Torre, Sebasti{\'a}n and Contreras, Javier and Conejo, Antonio
	J},
  title = {Finding multiperiod Nash equilibria in pool-based electricity markets},
  journal = {IEEE Transactions on Power Systems},
  year = {2004},
  volume = {19},
  pages = {643--651},
  number = {1},
  file = {de2004finding.pdf:de2004finding.pdf:PDF},
  publisher = {IEEE},
  timestamp = {2016.09.29}
}

@INPROCEEDINGS{urbina2006fuzzy,
  author = {Urbina, Michael and Li, Zuyi},
  title = {A fuzzy optimization approach to {PV}/battery scheduling with uncertainty
	in {PV} generation},
  booktitle = {Power Symposium (NAPS), 2006 Proceedings of the 38th North American},
  year = {2006},
  pages = {561--566},
  organization = {IEEE},
  file = {urbina2006fuzzy.pdf:urbina2006fuzzy.pdf:PDF},
  owner = {koike},
  timestamp = {2013.11.20}
}

@ARTICLE{Wiemken2001513,
  author = {E. Wiemken and H.G. Beyer and W. Heydenreich and K. Kiefer},
  title = {Power characteristics of {PV} ensembles: experiences from the combined
	power production of 100 grid connected {PV} systems distributed over
	the area of {G}ermany},
  journal = {Solar Energy},
  year = {2001},
  volume = {70},
  pages = {513-518},
  number = {6},
  file = {Wiemken2001513.pdf:Wiemken2001513.pdf:PDF},
  timestamp = {2015.04.18}
}

@ARTICLE{wilson2002architecture,
  author = {Wilson, Robert},
  title = {Architecture of power markets},
  journal = {Econometrica},
  year = {2002},
  volume = {70},
  pages = {1299--1340},
  number = {4},
  file = {wilson2002architecture.pdf:wilson2002architecture.pdf:PDF},
  publisher = {Wiley Online Library},
  timestamp = {2017.03.16}
}

@BOOK{wood2012power,
  title = {Power generation, operation, and control},
  publisher = {John Wiley \& Sons},
  year = {2012},
  author = {Wood, Allen J and Wollenberg, Bruce F},
  timestamp = {2015.04.17}
}

@ARTICLE{yang2007investigation,
  author = {Yang, Ning and Yu, CW and Wen, Fushuan and Chung, CY},
  title = {An investigation of reactive power planning based on chance constrained
	programming},
  journal = {International Journal of Electrical Power \& Energy Systems},
  year = {2007},
  volume = {29},
  pages = {650--656},
  number = {9},
  file = {yang2007investigation.pdf:yang2007investigation.pdf:PDF},
  publisher = {Elsevier},
  timestamp = {2014.11.14}
}

@INPROCEEDINGS{yona2008application,
  author = {Yona, Atsushi and Senjyu, Tomonobu and Saber, A Yousuf and Funabashi,
	Toshihisa and Sekine, Hideomi and Kim, Chul-Hwan},
  title = {Application of neural network to 24-hour-ahead generating power forecasting
	for PV system},
  booktitle = {Power and Energy Society General Meeting-Conversion and Delivery
	of Electrical Energy in the 21st Century, 2008 IEEE},
  year = {2008},
  pages = {1--6},
  organization = {IEEE},
  file = {yona2008application.pdf:yona2008application.pdf:PDF},
  timestamp = {2014.11.14}
}

@ARTICLE{zhaounified,
  author = {Zhao, Chaoyue and Guan, Yongpei},
  title = {Unified Stochastic and Robust Unit Commitment},
  journal = {Power Systems, IEEE Transactions on},
  year = {2013},
  volume = {28},
  pages = {3353--3361},
  number = {3},
  file = {zhaounified.pdf:zhaounified.pdf:PDF},
  timestamp = {2015.04.18}
}

@ARTICLE{zhou2006gradient,
  author = {Zhou, Bin and Gao, Li and Dai, Yu-Hong},
  title = {Gradient methods with adaptive step-sizes},
  journal = {Computational Optimization and Applications},
  year = {2006},
  volume = {35},
  pages = {69--86},
  number = {1},
  file = {zhou2006gradient.pdf:zhou2006gradient.pdf:PDF},
  publisher = {Springer},
  timestamp = {2014.10.21}
}

@ARTICLE{zhou2006monotone,
  author = {Zhou, Bin and Gao, Li and Dai, Yu-Hong},
  title = {Monotone projected gradient methods for large-scale box-constrained
	quadratic programming},
  journal = {Science in China Series A},
  year = {2006},
  volume = {49},
  pages = {688--702},
  number = {5},
  file = {zhou2006monotone.pdf:zhou2006monotone.pdf:PDF},
  publisher = {Springer},
  timestamp = {2014.10.21}
}

@BOOK{zhu2009optimization,
  title = {Optimization of Power System Operation},
  publisher = {Wiley},
  year = {2009},
  author = {Zhu, J.},
  timestamp = {2015.04.18}
}

@ARTICLE{zhu2012planning,
  author = {Zhu, Y and Li, YP and Huang, GH},
  title = {Planning municipal-scale energy systems under functional interval
	uncertainties},
  journal = {Renewable Energy},
  year = {2012},
  volume = {39},
  pages = {71--84},
  number = {1},
  file = {zhu2012planning.pdf:papers\\zhu2012planning.pdf:PDF},
  owner = {koike},
  publisher = {Elsevier},
  timestamp = {2013.09.05}
}

@ARTICLE{zimmerman2011matpower,
  author = {Zimmerman, Ray Daniel and Murillo-S{\'a}nchez, Carlos Edmundo and
	Thomas, Robert John},
  title = {{MATPOWER}: Steady-state operations, planning, and analysis tools
	for power systems research and education},
  journal = {Power Systems, IEEE Transactions on},
  year = {2011},
  volume = {26},
  pages = {12--19},
  number = {1},
  file = {zimmerman2011matpower.pdf:zimmerman2011matpower.pdf:PDF},
  publisher = {IEEE},
  timestamp = {2016.03.30}
}

@InProceedings{hicks1997investigation,
  author    = {Hicks, G.V. and Jeyasurya, B. Snow, W.F and},
  title     = {An investigation of automatic generation control for an isolated power system},
  booktitle = {Electrical and Computer Engineering. IEEE 1997 Canadian Conference on},
  year      = {1997},
  file      = {hicks1997investigation.pdf:hicks1997investigation.pdf:PDF},
  timestamp = {2017.04.13},
}

@Article{green1996transformed,
  author    = {Green, RK},
  title     = {Transformed automatic generation control},
  journal   = {IEEE Transactions on Power Systems},
  year      = {1996},
  volume    = {11},
  number    = {4},
  pages     = {1799--1804},
  file      = {green1996transformed.pdf:green1996transformed.pdf:PDF},
  publisher = {IEEE},
  timestamp = {2017.04.13},
}

@Comment{kron1939tensor,
  title     = {Tensor Analysis of Networks},
  publisher = {New York: Wiley},
  year      = {1939},
  author    = {G. Kron},
  timestamp = {2017.09.04},
}

@Article{sarker2016optimal,
  author    = {Sarker, Mushfiqur R and Dvorkin, Yury and Ortega-Vazquez, Miguel A},
  title     = {Optimal participation of an electric vehicle aggregator in day-ahead energy and reserve markets},
  journal   = {IEEE Transactions on Power Systems},
  year      = {2016},
  volume    = {31},
  number    = {5},
  pages     = {3506--3515},
  file      = {sarker2016optimal.pdf:sarker2016optimal.pdf:PDF},
  publisher = {IEEE},
  timestamp = {2018.01.17},
}

@Article{sardou2016energy,
  author    = {Sardou, Iman Goroohi and Khodayar, Mohammad E and Khaledian, Kazhal and Soleimani-Damaneh, Majid and Ameli, Mohammad T},
  title     = {Energy and reserve market clearing with microgrid aggregators},
  journal   = {IEEE Transactions on Smart Grid},
  year      = {2016},
  volume    = {7},
  number    = {6},
  pages     = {2703--2712},
  file      = {sardou2016energy.pdf:sardou2016energy.pdf:PDF},
  publisher = {IEEE},
  timestamp = {2018.01.17},
}

@Article{wang2016real,
  author    = {Wang, Beibei and Hobbs, Benjamin F},
  title     = {Real-time markets for flexiramp: A stochastic unit commitment-based analysis},
  journal   = {IEEE Transactions on Power Systems},
  year      = {2016},
  volume    = {31},
  number    = {2},
  pages     = {846--860},
  file      = {wang2016real.pdf:wang2016real.pdf:PDF},
  publisher = {IEEE},
  timestamp = {2018.01.17},
}

@Article{aravena2017renewable,
  author    = {Aravena, Ignacio and Papavasiliou, Anthony},
  title     = {Renewable energy integration in zonal markets},
  journal   = {IEEE Transactions on Power Systems},
  year      = {2017},
  volume    = {32},
  number    = {2},
  pages     = {1334--1349},
  file      = {aravena2017renewable.pdf:aravena2017renewable.pdf:PDF},
  publisher = {IEEE},
  timestamp = {2018.01.17},
}

@Article{schneider2018energy,
  author    = {Schneider, Ian and Roozbehani, Mardavij},
  title     = {Energy Market Design for Renewable Resources: Imbalance Settlements and Efficiency--Robustness Tradeoffs},
  journal   = {IEEE Transactions on Power Systems},
  year      = {2018},
  volume    = {33},
  number    = {4},
  pages     = {3757--3767},
  file      = {schneider2018energy.pdf:schneider2018energy.pdf:PDF},
  publisher = {IEEE},
}

@Book{schweppe2013spot,
  title     = {Spot pricing of electricity},
  publisher = {Springer Science \& Business Media},
  year      = {2013},
  author    = {Schweppe, Fred C and Caramanis, Michael C and Tabors, Richard D and Bohn, Roger E},
  file      = {schweppe2013spot.pdf:schweppe2013spot.pdf:PDF},
  timestamp = {2018.01.17},
}

@Article{hogan1992contract,
  author    = {Hogan, William W},
  title     = {Contract networks for electric power transmission},
  journal   = {Journal of regulatory economics},
  year      = {1992},
  volume    = {4},
  number    = {3},
  pages     = {211--242},
  file      = {hogan1992contract.pdf:hogan1992contract.pdf:PDF},
  publisher = {Springer},
  timestamp = {2018.01.17},
}

@Article{bohn1984optimal,
  author    = {Bohn, Roger E and Caramanis, Michael C and Schweppe, Fred C},
  title     = {Optimal pricing in electrical networks over space and time},
  journal   = {The Rand Journal of Economics},
  year      = {1984},
  pages     = {360--376},
  file      = {bohn1984optimal.pdf:bohn1984optimal.pdf:PDF},
  publisher = {JSTOR},
  timestamp = {2018.01.17},
}

@Article{moosavian2013energy,
  author    = {Moosavian, SM and Rahim, NA and Selvaraj, J and Solangi, KH},
  title     = {Energy policy to promote photovoltaic generation},
  journal   = {Renewable and Sustainable Energy Reviews},
  year      = {2013},
  volume    = {25},
  pages     = {44--58},
  publisher = {Elsevier},
  timestamp = {2018.01.18},
}

@Article{MoosavianRahimSelvarajSolangi2013,
  author    = {Moosavian, SM and Rahim, NA and Selvaraj, J and Solangi, KH},
  title     = {Energy policy to promote photovoltaic generation},
  journal   = {Renewable and Sustainable Energy Reviews},
  year      = {2013},
  volume    = {25},
  pages     = {44--58},
  publisher = {Elsevier},
  timestamp = {2018.01.18},
}

@Article{MoosavianRahimSelvarajSolangi2013a,
  author    = {Moosavian, SM and Rahim, NA and Selvaraj, J and Solangi, KH},
  title     = {Energy policy to promote photovoltaic generation},
  journal   = {Renewable and Sustainable Energy Reviews},
  year      = {2013},
  volume    = {25},
  pages     = {44--58},
  publisher = {Elsevier},
  timestamp = {2018.01.18},
}

@Article{MoosavianRahimSelvarajSolangi2013b,
  author    = {Moosavian, SM and Rahim, NA and Selvaraj, J and Solangi, KH},
  title     = {Energy policy to promote photovoltaic generation},
  journal   = {Renewable and Sustainable Energy Reviews},
  year      = {2013},
  volume    = {25},
  pages     = {44--58},
  publisher = {Elsevier},
  timestamp = {2018.01.18},
}

@Article{chu2012opportunities,
  author    = {Chu, Steven and Majumdar, Arun},
  title     = {Opportunities and challenges for a sustainable energy future},
  journal   = {Nature},
  year      = {2012},
  volume    = {488},
  number    = {7411},
  pages     = {294--303},
  publisher = {Nature Research},
  timestamp = {2018.01.18},
}

@Article{dunn2011electrical,
  author    = {Dunn, Bruce and Kamath, Haresh and Tarascon, Jean-Marie},
  title     = {Electrical energy storage for the grid: a battery of choices},
  journal   = {Science},
  year      = {2011},
  volume    = {334},
  number    = {6058},
  pages     = {928--935},
  publisher = {American Association for the Advancement of Science},
  timestamp = {2018.01.18},
}

@Article{DunnKamathTarascon2011,
  author    = {Dunn, Bruce and Kamath, Haresh and Tarascon, Jean-Marie},
  title     = {Electrical energy storage for the grid: a battery of choices},
  journal   = {Science},
  year      = {2011},
  volume    = {334},
  number    = {6058},
  pages     = {928--935},
  publisher = {American Association for the Advancement of Science},
  timestamp = {2018.01.18},
}

@Article{DunnKamathTarascon2011a,
  author    = {Dunn, Bruce and Kamath, Haresh and Tarascon, Jean-Marie},
  title     = {Electrical energy storage for the grid: a battery of choices},
  journal   = {Science},
  year      = {2011},
  volume    = {334},
  number    = {6058},
  pages     = {928--935},
  publisher = {American Association for the Advancement of Science},
  timestamp = {2018.01.18},
}

@Article{DunnKamathTarascon2011b,
  author    = {Dunn, Bruce and Kamath, Haresh and Tarascon, Jean-Marie},
  title     = {Electrical energy storage for the grid: a battery of choices},
  journal   = {Science},
  year      = {2011},
  volume    = {334},
  number    = {6058},
  pages     = {928--935},
  publisher = {American Association for the Advancement of Science},
  timestamp = {2018.01.18},
}

@Article{divya2009battery,
  author    = {Divya, KC and {\O}stergaard, Jacob},
  title     = {Battery energy storage technology for power systems --An overview},
  journal   = {Electric Power Systems Research},
  year      = {2009},
  volume    = {79},
  number    = {4},
  pages     = {511--520},
  file      = {divya2009battery.pdf:divya2009battery.pdf:PDF},
  publisher = {Elsevier},
  timestamp = {2018.01.18},
}

@Article{DivyaOstergaard2009,
  author    = {Divya, KC and {\O}stergaard, Jacob},
  title     = {Battery energy storage technology for power systems --An overview},
  journal   = {Electric Power Systems Research},
  year      = {2009},
  volume    = {79},
  number    = {4},
  pages     = {511--520},
  file      = {divya2009battery.pdf:divya2009battery.pdf:PDF},
  publisher = {Elsevier},
  timestamp = {2018.01.18},
}

@Article{DivyaOstergaard2009a,
  author    = {Divya, KC and {\O}stergaard, Jacob},
  title     = {Battery energy storage technology for power systems --An overview},
  journal   = {Electric Power Systems Research},
  year      = {2009},
  volume    = {79},
  number    = {4},
  pages     = {511--520},
  file      = {divya2009battery.pdf:divya2009battery.pdf:PDF},
  publisher = {Elsevier},
  timestamp = {2018.01.18},
}

@Article{DivyaOstergaard2009b,
  author    = {Divya, KC and {\O}stergaard, Jacob},
  title     = {Battery energy storage technology for power systems --An overview},
  journal   = {Electric Power Systems Research},
  year      = {2009},
  volume    = {79},
  number    = {4},
  pages     = {511--520},
  file      = {divya2009battery.pdf:divya2009battery.pdf:PDF},
  publisher = {Elsevier},
  timestamp = {2018.01.18},
}

@Article{shum2007photovoltaic,
  author    = {Shum, Kwok L and Watanabe, Chihiro},
  title     = {Photovoltaic deployment strategy in {Japan} and the {USA} --an institutional appraisal},
  journal   = {Energy Policy},
  year      = {2007},
  volume    = {35},
  number    = {2},
  pages     = {1186--1195},
  file      = {shum2007photovoltaic.pdf:shum2007photovoltaic.pdf:PDF},
  publisher = {Elsevier},
  timestamp = {2018.01.18},
}

@Article{schiro2016convex,
  author    = {Schiro, Dane A and Zheng, Tongxin and Zhao, Feng and Litvinov, Eugene},
  title     = {Convex hull pricing in electricity markets: Formulation, analysis, and implementation challenges},
  journal   = {IEEE Transactions on Power Systems},
  year      = {2016},
  volume    = {31},
  number    = {5},
  pages     = {4068--4075},
  file      = {schiro2016convex.pdf:schiro2016convex.pdf:PDF},
  publisher = {IEEE},
  timestamp = {2018.01.19},
}

@Article{virasjoki2016market,
  author    = {Virasjoki, Vilma and Rocha, Paula and Siddiqui, Afzal S and Salo, Ahti},
  title     = {Market impacts of energy storage in a transmission-constrained power system},
  journal   = {IEEE Transactions on Power Systems},
  year      = {2016},
  volume    = {31},
  number    = {5},
  pages     = {4108--4117},
  file      = {virasjoki2016market.pdf:virasjoki2016market.pdf:PDF},
  publisher = {IEEE},
  timestamp = {2018.01.19},
}

@Article{VirasjokiRochaSiddiquiSalo2016,
  author    = {Virasjoki, Vilma and Rocha, Paula and Siddiqui, Afzal S and Salo, Ahti},
  title     = {Market impacts of energy storage in a transmission-constrained power system},
  journal   = {IEEE Transactions on Power Systems},
  year      = {2016},
  volume    = {31},
  number    = {5},
  pages     = {4108--4117},
  file      = {virasjoki2016market.pdf:virasjoki2016market.pdf:PDF},
  publisher = {IEEE},
  timestamp = {2018.01.19},
}

@Article{VirasjokiRochaSiddiquiSalo2016a,
  author    = {Virasjoki, Vilma and Rocha, Paula and Siddiqui, Afzal S and Salo, Ahti},
  title     = {Market impacts of energy storage in a transmission-constrained power system},
  journal   = {IEEE Transactions on Power Systems},
  year      = {2016},
  volume    = {31},
  number    = {5},
  pages     = {4108--4117},
  file      = {virasjoki2016market.pdf:virasjoki2016market.pdf:PDF},
  publisher = {IEEE},
  timestamp = {2018.01.19},
}

@Article{VirasjokiRochaSiddiquiSalo2016b,
  author    = {Virasjoki, Vilma and Rocha, Paula and Siddiqui, Afzal S and Salo, Ahti},
  title     = {Market impacts of energy storage in a transmission-constrained power system},
  journal   = {IEEE Transactions on Power Systems},
  year      = {2016},
  volume    = {31},
  number    = {5},
  pages     = {4108--4117},
  file      = {virasjoki2016market.pdf:virasjoki2016market.pdf:PDF},
  publisher = {IEEE},
  timestamp = {2018.01.19},
}

@Article{savelli2017optimization,
  author    = {Savelli, Iacopo and Giannitrapani, Antonio and Paoletti, Simone and Vicino, Antonio},
  title     = {An optimization model for the electricity market clearing problem with uniform purchase price and zonal selling prices},
  journal   = {IEEE Transactions on Power Systems},
  year      = {2017},
  volume    = {33},
  number    = {3},
  pages     = {2864--2873},
  file      = {savelli2017optimization.pdf:savelli2017optimization.pdf:PDF},
  publisher = {IEEE},
}

@Article{zeng2013solving,
  author    = {Zeng, Bo and Zhao, Long},
  title     = {Solving two-stage robust optimization problems using a column-and-constraint generation method},
  journal   = {Operations Research Letters},
  year      = {2013},
  volume    = {41},
  number    = {5},
  pages     = {457--461},
  file      = {:zeng2013solving.pdf:PDF},
  publisher = {Elsevier},
  timestamp = {2018.10.23},
}

@Article{ben2004adjustable,
  author    = {Ben-Tal, Aharon and Goryashko, Alexander and Guslitzer, Elana and Nemirovski, Arkadi},
  title     = {Adjustable robust solutions of uncertain linear programs},
  journal   = {Mathematical Programming},
  year      = {2004},
  volume    = {99},
  number    = {2},
  pages     = {351--376},
  file      = {:ben2004adjustable.pdf:PDF},
  publisher = {Springer},
  timestamp = {2018.10.23},
}

@Article{cobos2016least,
  author    = {Cobos, Noemi G and Arroyo, Jos{\'e} M and Street, Alexandre},
  title     = {Least-cost reserve offer deliverability in day-ahead generation scheduling under wind uncertainty and generation and network outages},
  journal   = {IEEE Transactions on Smart Grid},
  year      = {2016},
  volume    = {9},
  number    = {4},
  pages     = {3430--3442},
  file      = {:cobos2016least.pdf:PDF},
  publisher = {IEEE},
  timestamp = {2018.10.24},
}

@Article{jiang2012robust,
  author    = {Jiang, Ruiwei and Wang, Jianhui and Guan, Yongpei},
  title     = {Robust unit commitment with wind power and pumped storage hydro},
  journal   = {IEEE Transactions on Power Systems},
  year      = {2012},
  volume    = {27},
  number    = {2},
  pages     = {800},
  file      = {:jiang2012robust.pdf:PDF},
  timestamp = {2018.10.24},
}

@Article{bertsimas2013adaptive,
  author    = {Bertsimas, Dimitris and Litvinov, Eugene and Sun, Xu Andy and Zhao, Jinye and Zheng, Tongxin},
  title     = {Adaptive robust optimization for the security constrained unit commitment problem},
  journal   = {IEEE Transactions on Power Systems},
  year      = {2013},
  volume    = {28},
  number    = {1},
  pages     = {52--63},
  file      = {:bertsimas2013adaptive.pdf:PDF},
  publisher = {IEEE},
  timestamp = {2018.10.24},
}

@Article{zheng2015stochastic,
  author    = {Zheng, Qipeng P and Wang, Jianhui and Liu, Andrew L},
  title     = {Stochastic optimization for unit commitment—A review},
  journal   = {IEEE Trans. Power Syst},
  year      = {2015},
  volume    = {30},
  number    = {4},
  pages     = {1913--1924},
  file      = {:zheng2015stochastic.pdf:PDF},
  timestamp = {2018.10.24},
}

@Article{ben1998robust,
  author    = {Ben-Tal, Aharon and Nemirovski, Arkadi},
  title     = {Robust convex optimization},
  journal   = {Mathematics of operations research},
  year      = {1998},
  volume    = {23},
  number    = {4},
  pages     = {769--805},
  file      = {:ben1998robust.pdf:PDF},
  publisher = {INFORMS},
  timestamp = {2018.10.24},
}

@Article{ihsan2018adjustable,
  author    = {Yan{\i}ko{\u{g}}lu, {\.I}hsan and Gorissen, B and den Hertog, Dick},
  title     = {Adjustable robust optimization --A survey and tutorial},
  journal   = {European Journal of Operational Research},
  year      = {2018},
  file      = {:ihsan2018adjustable .pdf:PDF},
  timestamp = {2018.10.25},
}

@Book{pal2006robust,
  author    = {Pal, Bikash and Chaudhuri, Balarko},
  publisher = {Springer Science \& Business Media},
  title     = {Robust control in power systems},
  year      = {2006},
  file      = {:papers/pal2006robust.pdf:PDF},
  timestamp = {2019.01.17},
}

@Article{chow2004power,
  author    = {Chow, Joe H and Boukarim, George E and Murdoch, Alexander},
  title     = {Power system stabilizers as undergraduate control design projects},
  journal   = {IEEE Transactions on power systems},
  year      = {2004},
  volume    = {19},
  number    = {1},
  pages     = {144--151},
  file      = {:chow2004power.pdf:PDF},
  publisher = {IEEE},
}

@Article{samad2017controls,
  author    = {Samad, Tariq and Annaswamy, Anuradha M},
  title     = {Controls for smart grids: Architectures and applications},
  journal   = {Proceedings of the IEEE},
  year      = {2017},
  volume    = {105},
  number    = {11},
  pages     = {2244--2261},
  file      = {:samad2017controls.pdf:PDF;:samad2017controls.pdf:PDF},
  publisher = {IEEE},
  timestamp = {2019.08.23},
}

@Article{li2015connecting,
  author    = {Li, Na and Zhao, Changhong and Chen, Lijun},
  title     = {Connecting automatic generation control and economic dispatch from an optimization view},
  journal   = {IEEE Transactions on Control of Network Systems},
  year      = {2015},
  volume    = {3},
  number    = {3},
  pages     = {254--264},
  file      = {:li2015connecting.pdf:PDF},
  publisher = {IEEE},
  timestamp = {2019.09.02},
}

@Article{correa2018robust,
  author    = {Correa-Florez, Carlos Adrian and Michiorri, Andrea and Kariniotakis, Georges},
  title     = {Robust optimization for day-ahead market participation of smart-home aggregators},
  journal   = {Applied energy},
  year      = {2018},
  volume    = {229},
  pages     = {433--445},
  publisher = {Elsevier},
}

@Article{lunackova2017merit,
  author    = {Lunackova, Petra and Prusa, Jan and Janda, Karel},
  title     = {The merit order effect of {Czech} renewable energy},
  journal   = {Centre for Applied Macroeconomic Analysis},
  year      = {2017},
  pages     = {1--45},
  file      = {:lunackova2017merit.pdf:PDF},
  publisher = {CAMA Working Paper},
}

@Article{yanikouglu2019survey,
  author    = {Yan{\i}ko{\u{g}}lu, {\.I}hsan and Gorissen, Bram L and den Hertog, Dick},
  title     = {A survey of adjustable robust optimization},
  journal   = {European Journal of Operational Research},
  year      = {2019},
  volume    = {277},
  number    = {3},
  pages     = {799--813},
  publisher = {Elsevier},
}

@Article{savelli2018new,
  author    = {Savelli, Iacopo and Corn{\'e}lusse, Bertrand and Giannitrapani, Antonio and Paoletti, Simone and Vicino, Antonio},
  title     = {A new approach to electricity market clearing with uniform purchase price and curtailable block orders},
  journal   = {Applied energy},
  year      = {2018},
  volume    = {226},
  pages     = {618--630},
  publisher = {Elsevier},
}

@Article{cornelusse2019community,
  author    = {Corn{\'e}lusse, Bertrand and Savelli, Iacopo and Paoletti, Simone and Giannitrapani, Antonio and Vicino, Antonio},
  title     = {A community microgrid architecture with an internal local market},
  journal   = {Applied Energy},
  year      = {2019},
  volume    = {242},
  pages     = {547--560},
  publisher = {Elsevier},
}

@Article{bublitz2019survey,
  author    = {Bublitz, Andreas and Keles, Dogan and Zimmermann, Florian and Fraunholz, Christoph and Fichtner, Wolf},
  title     = {A survey on electricity market design: Insights from theory and real-world implementations of capacity remuneration mechanisms},
  journal   = {Energy Economics},
  year      = {2019},
  volume    = {80},
  pages     = {1059--1078},
  file      = {:bublitz2019survey.pdf:PDF},
  publisher = {Elsevier},
  timestamp = {2019.10.09},
}

@Comment{jabref-meta: databaseType:bibtex;}
