% Encoding: Shift_JIS


@Book{iri1985numerical,
  Title                    = {数値計算の常識},
  Author                   = {伊理正夫 and 藤野和建},
  Editor                   = {南條光章},
  Publisher                = {共立出版株式会社},
  Year                     = {1985},

  File                     = {iri1985numerical.pdf:iri1985numerical.pdf:PDF},
  Timestamp                = {2015.06.08}
}

@Book{imura2000system,
  Title                    = {システム制御のための安定論},
  Author                   = {井村順一},
  Publisher                = {コロナ社},
  Year                     = {2000},

  File                     = {imura2000system.pdf:papers\\imura2000system.pdf:PDF},
  Timestamp                = {2014.05.08}
}

@Article{masta2012tairyou,
  Title                    = {大量の再生可能エネルギー電源が導入された電力系統における多数台のヒートポンプ給湯機と電気自動車を利用した負荷周波数制御},
  Author                   = {益田泰輔 and 清水浩一郎 and 横山明彦},
  Journal                  = {IEEJ Transactions on A publication of Power and Energy Society},
  Pages                    = {23--33},
  Volume                   = {132},
  Year                     = {2012},
  Number                   = {1},

  File                     = {masta2012tairyou.pdf:papers\\masta2012tairyou.pdf:PDF},
  Publisher                = {電気学会},
  Timestamp                = {2014.04.02}
}

@InProceedings{masuta2013basic,
  Title                    = {太陽光発電予測を用いた経済負荷配分制御の基礎的検討},
  Author                   = {益田泰輔 and 村田晃伸 and 大関崇},
  Booktitle                = {電気学会電力技術，電力系統技術，半導体電力変換合同研究会},
  Year                     = {2013},
  Pages                    = {PE-13-023, PSE-13-039, SPC-13-059},

  File                     = {masuta2013basic.pdf:papers\\masuta2013basic.pdf:PDF},
  Owner                    = {koike},
  Timestamp                = {2014.04.02}
}

@Book{katoh2011power,
  Title                    = {電力システム工学の基礎},
  Author                   = {加藤政一 and 田岡久雄},
  Publisher                = {数理工学社},
  Year                     = {2011},

  File                     = {katoh2011power.pdf:katoh2011power.pdf:PDF},
  Timestamp                = {2014.05.08}
}

@Book{amari2011information,
  Title                    = {情報理論},
  Author                   = {甘利俊一},
  Editor                   = {熊沢敏之},
  Publisher                = {ちくま学芸文庫},
  Year                     = {2011},

  File                     = {amari2011information.pdf:amari2011information.pdf:PDF},
  Timestamp                = {2015.06.09}
}

@Book{sekine1983denryoku,
  Title                    = {電力系統過渡解析論},
  Author                   = {関根泰次},
  Publisher                = {オーム社},
  Year                     = {1984},

  File                     = {sekine1983denryoku.pdf:papers\\sekine1983denryoku.pdf:PDF},
  Timestamp                = {2014.03.05}
}

@Book{tetuya1997lmi,
  Title                    = {LMIと制御},
  Author                   = {岩崎徹也},
  Publisher                = {昭晃堂},
  Year                     = {1997},

  File                     = {tetuya1997lmi.pdf:papers\\tetuya1997lmi.pdf:PDF},
  Timestamp                = {2014.05.08}
}

@Article{miyagi1985conjugacy,
  Title                    = {共役性理論を基硅とした交通配分モデルについて},
  Author                   = {宮城俊彦 and 小川俊幸},
  Journal                  = {土木計画学研究・講演集},
  Pages                    = {301--308},
  Volume                   = {7},
  Year                     = {2009},
  Number                   = {1},

  File                     = {miyagi1985conjugacy.pdf:miyagi1985conjugacy.pdf:PDF},
  Timestamp                = {2015.04.28}
}

@Book{kanatani2005korenara,
  Title                    = {これならわかる最適化数学--基礎原理から計算手法まで--},
  Author                   = {金谷健一},
  Editor                   = {南條光章},
  Publisher                = {共立出版株式会社},
  Year                     = {2005},

  File                     = {kanatani2005korenara.pdf:kanatani2005korenara.pdf:PDF},
  Timestamp                = {2015.06.09}
}

@Book{kodama1981system,
  Title                    = {システム制御のためのマトリクス理論},
  Author                   = {児玉慎三 and 須田信英},
  Publisher                = {計測自動制御学会},
  Year                     = {1981},

  File                     = {kodama1981system.pdf:kodama1981system.pdf:PDF},
  Timestamp                = {2014.01.13}
}

@Article{komiyama2011shutsuryoku,
  Title                    = {出力変動を考慮に入れた太陽光発電と蓄電池の最適電源構成からみた導入可能性分析},
  Author                   = {小宮山涼一 and 柴田紗英子 and 中村洋祐 and 藤井康正},
  Journal                  = {IEEJ Transactions on Electronics, Information and Systems},
  Pages                    = {1705--1714},
  Volume                   = {131},
  Year                     = {2011},
  Number                   = {10},

  File                     = {komiyama2011shutsuryoku.pdf:papers\\komiyama2011shutsuryoku.pdf:PDF},
  Publisher                = {J-STAGE},
  Timestamp                = {2014.04.02}
}

@Book{matsui1998traffic,
  Title                    = {交通ネットワークの均衡分析},
  Author                   = {松井寛},
  Editor                   = {交通ネットワーク小委員会},
  Publisher                = {土木学会},
  Year                     = {1998},

  File                     = {matsui1998traffic.pdf:matsui1998traffic.pdf:PDF},
  Timestamp                = {2015.05.18}
}

@Article{Ohta2012information,
  Title                    = {情報理論的取扱いによる制御理論の新展開},
  Author                   = {太田快人},
  Journal                  = {システム/制御/情報: システム制御情報学会誌},
  Pages                    = {375--380},
  Volume                   = {56},
  Year                     = {2012},
  Number                   = {7},

  File                     = {Ohta2012information.pdf:Ohta2012information.pdf:PDF},
  Publisher                = {システム制御情報学会},
  Timestamp                = {2015.06.11}
}

@Book{obinata1999seigyo,
  Title                    = {制御システム設計: コントローラの低次元化},
  Author                   = {大日方五郎 and Brian DO Anderson},
  Publisher                = {システム制御情報学会},
  Year                     = {1999},

  Timestamp                = {2014.01.18}
}

@InProceedings{osawa2013study,
  Title                    = {配電系統における電圧管理・負荷平準化を目的とした蓄電池運用に関する検討},
  Author                   = {大澤潤騎 and 原亮一 and 北裕幸 and 三栗祐己 and 渡辺慶一 and 森健二郎 and 片岡泰宏 and 小暮英二},
  Booktitle                = {電気学会電力技術，電力系統技術，半導体電力変換合同研究会},
  Year                     = {2013},
  Pages                    = {PE-13-19, PSE-13-35, SPC-13-55},

  File                     = {osawa2013study.pdf:papers\\osawa2013study.pdf:PDF},
  Timestamp                = {2014.04.02}
}

@Book{taniguchi2011power,
  Title                    = {電力システム解析--モデリングとシミュレーション--},
  Author                   = {谷口治人},
  Editor                   = {IEEJ},
  Publisher                = {オーム社},
  Year                     = {2009},

  File                     = {taniguchi2011power.pdf:taniguchi2011power.pdf:PDF},
  Timestamp                = {2014.05.08}
}

@Book{tazaki2008statistical1,
  Title                    = {統計力学I},
  Author                   = {田崎晴明},
  Editor                   = {山本格},
  Publisher                = {培風館},
  Year                     = {2008},

  File                     = {tazaki2008statistical1.pdf:tazaki2008statistical1.pdf:PDF},
  Timestamp                = {2015.06.11}
}

@Book{tazaki2008statistical2,
  Title                    = {統計力学II},
  Author                   = {田崎晴明},
  Editor                   = {山本格},
  Publisher                = {培風館},
  Year                     = {2008},

  File                     = {tazaki2008statistical2.pdf:tazaki2008statistical2.pdf:PDF},
  Timestamp                = {2015.06.11}
}

@Book{tazaki2000thermodynamics,
  Title                    = {熱力学--現代的な視点から--},
  Author                   = {田崎晴明},
  Editor                   = {山本格},
  Publisher                = {培風館},
  Year                     = {2000},

  File                     = {tazaki2000thermodynamics.pdf:tazaki2000thermodynamics.pdf:PDF},
  Timestamp                = {2015.06.11}
}

@TechReport{denki2000power,
  Title                    = {電力系統の標準モデル},
  Author                   = {電力系統モデル標準化調査専門委員会編},
  Institution              = {電気学会},
  Year                     = {2000},

  File                     = {denki2000power.pdf:denki2000power.pdf:PDF},
  Timestamp                = {2016.03.29}
}

@Book{watanabe2005probability,
  Title                    = {確率と統計-情報学への架橋},
  Author                   = {渡辺澄夫 and 村田昇},
  Publisher                = {コロナ社},
  Year                     = {2005},

  File                     = {watanabe2005probability.pdf:papers\\watanabe2005probability.pdf:PDF},
  Timestamp                = {2014.05.08}
}

@Article{tachibana2009system,
  Title                    = {システム生物学入門-生物回路の設計原理-},
  Author                   = {立花亮},
  Journal                  = {生物工学会誌},
  Pages                    = {112},
  Volume                   = {87},
  Year                     = {2009},
  Number                   = {2},

  Publisher                = {公益社団法人日本生物工学会},
  Timestamp                = {2015.01.24}
}

@Book{koushi2002linear,
  Title                    = {線形ロバスト制御},
  Author                   = {劉康志},
  Publisher                = {コロナ社},
  Year                     = {2002},

  File                     = {koushi2002linear.pdf:papers\\koushi2002linear.pdf:PDF},
  Timestamp                = {2014.05.08}
}

@Article{wada2010tanitu,
  Title                    = {単一ボトルネックにおける渋滞と混雑を解消する情報効率的メカニズムの設計},
  Author                   = {和田健太郎 and 赤松隆},
  Journal                  = {土木学会論文集 D},
  Pages                    = {160--177},
  Volume                   = {66},
  Year                     = {2010},
  Number                   = {2},

  File                     = {wada2010tanitu.pdf:wada2010tanitu.pdf:PDF},
  Publisher                = {社団法人 土木学会},
  Timestamp                = {2015.06.10}
}

@TechReport{denchuken2014lmethod1,
  Title                    = {--電中研電力系統安定度解析システム--L法・Y法・S法プログラム解説書},
  Year                     = {2014},

  File                     = {denchuken2014lmethod1.pdf:denchuken2014lmethod1.pdf:PDF},
  Timestamp                = {2016.03.31}
}

@TechReport{denchuken2014lmethod2,
  Title                    = {--電中研電力系統安定度解析システム--データ入力様式},
  Year                     = {2014},

  File                     = {denchuken2014lmethod2.pdf:denchuken2014lmethod2.pdf:PDF},
  Timestamp                = {2016.03.31}
}

@TechReport{denki2016power,
  author      = {電力系統モデル標準化調査専門委員会編},
  title       = {電力需給・周波数シミュレーションの標準解析モデル},
  institution = {電気学会},
  year        = {2016},
  file        = {denki2016power.pdf:denki2016power.pdf:PDF},
  timestamp   = {2017.08.21},
}

@Misc{oukan2016seizou,
  author    = {特定非営利活動法人横断型基幹科学技術研究団体連合},
  title     = {平成28年度製造基盤技術実態等調査報告書},
  year      = {2016},
  file      = {:oukan2016seizou.pdf:PDF},
  timestamp = {2014.05.08},
}

@Comment{jabref-meta: databaseType:bibtex;}
