% Encoding: UTF-8


@Article{iftar1993decentralized,
  Title                    = {Decentralized estimation and control with overlapping input, state, and output decomposition},
  Author                   = {{\.I}ftar, Altu{\u{g}}},
  Journal                  = {Automatica},
  Pages                    = {511--516},
  Volume                   = {29},
  Year                     = {1993},
  Number                   = {2},

  File                     = {iftar1993decentralized.pdf:iftar1993decentralized.pdf:PDF},
  Publisher                = {Elsevier},
  Timestamp                = {2013.05.26}
}

@Article{vsiljak1996decentralized,
  Title                    = {Decentralized control and computations: status and prospects},
  Author                   = {{\v{S}}iljak, DD},
  Journal                  = {Annual Reviews in Control},
  Pages                    = {131--141},
  Volume                   = {20},
  Year                     = {1996},

  File                     = {vsiljak1996decentralized.pdf:vsiljak1996decentralized.pdf:PDF},
  Publisher                = {Elsevier},
  Timestamp                = {2015.02.20}
}

@Article{vsiljak2000robust,
  Title                    = {Robust stabilization of nonlinear systems: the {LMI} approach},
  Author                   = {{\v{S}}iljak, DD and Stipanovi{\'c}, DM},
  Journal                  = {Mathematical problems in Engineering},
  Pages                    = {461--493},
  Volume                   = {6},
  Year                     = {2000},
  Number                   = {5},

  File                     = {vsiljak2000robust.pdf:vsiljak2000robust.pdf:PDF},
  Publisher                = {Hindawi Publishing Corporation},
  Timestamp                = {2014.09.18}
}

@Article{vsiljak2005control,
  Title                    = {Control of large-scale systems: Beyond decentralized feedback},
  Author                   = {{\v{S}}iljak, Dragoslav D and Ze{\v{c}}evi{\'c}, Aleksandar I},
  Journal                  = {Annual Reviews in Control},
  Pages                    = {169--179},
  Volume                   = {29},
  Year                     = {2005},
  Number                   = {2},

  File                     = {vsiljak2005control.pdf:vsiljak2005control.pdf:PDF},
  Publisher                = {Elsevier},
  Timestamp                = {2013.05.26}
}

@Article{agulhari2012lmi,
  Title                    = {{LMI} Relaxations for Reduced-Order Robust Control of Continuous-Time Uncertain Linear Systems},
  Author                   = {Agulhari, Cristiano M and Oliveira, Ricardo CLF and Peres, Pedro LD},
  Journal                  = {Automatic Control, IEEE Transactions on},
  Pages                    = {1532--1537},
  Volume                   = {57},
  Year                     = {2012},
  Number                   = {6},

  File                     = {agulhari2012lmi.pdf:agulhari2012lmi.pdf:PDF},
  Publisher                = {IEEE},
  Timestamp                = {2015.04.23}
}

@Article{akashi1978output,
  Title                    = {Output deadbeat controllers with stability for discrete-time multivariable linear systems},
  Author                   = {Akashi, HAJIME and Imai, HIROWKI},
  Journal                  = {Automatic Control, IEEE Transactions on},
  Pages                    = {1036--1043},
  Volume                   = {23},
  Year                     = {1978},
  Number                   = {6},

  File                     = {akashi1978output.pdf:akashi1978output.pdf:PDF},
  Publisher                = {IEEE},
  Timestamp                = {2015.01.04}
}

@Article{alon2007network,
  Title                    = {Network motifs: theory and experimental approaches},
  Author                   = {Alon, Uri},
  Journal                  = {Nature Reviews Genetics},
  Pages                    = {450--461},
  Volume                   = {8},
  Year                     = {2007},
  Number                   = {6},

  File                     = {alon2007network.pdf:alon2007network.pdf:PDF},
  Publisher                = {Nature Publishing Group},
  Timestamp                = {2016.01.10}
}

@Article{Anderson1989,
  Title                    = {Controller reduction: concepts and approaches},
  Author                   = {Anderson, Brian DO and Liu, Yi},
  Journal                  = {Automatic Control, IEEE Transactions on},
  Pages                    = {802--812},
  Volume                   = {34},
  Year                     = {1989},
  Number                   = {8},

  File                     = {anderson1989controller.pdf:anderson1989controller.pdf:PDF},
  Publisher                = {IEEE},
  Timestamp                = {2013.03.29}
}

@Article{andreasson2014distributed,
  Title                    = {Distributed control of networked dynamical systems: Static feedback, integral action and consensus},
  Author                   = {Andreasson, Martin and Dimarogonas, Dimos V and Sandberg, Henrik and Johansson, Karl H},
  Journal                  = {Automatic Control, IEEE Transactions on},
  Pages                    = {1750--1764},
  Volume                   = {59},
  Year                     = {2014},
  Number                   = {7},

  File                     = {andreasson2014distributed.pdf:andreasson2014distributed.pdf:PDF},
  Publisher                = {IEEE}
}

@InProceedings{andreasson2012distributed,
  Title                    = {Distributed integral action: Stability analysis and frequency control of power systems},
  Author                   = {Andreasson, Martin and Sandberg, Henrik and Dimarogonas, Dimos V and Johansson, Karl H},
  Booktitle                = {Decision and Control (CDC), 2012 Proceedings of the 51st IEEE Conference on},
  Year                     = {2012},
  Organization             = {IEEE},
  Pages                    = {2077--2083},

  File                     = {andreasson2012distributed.pdf:andreasson2012distributed.pdf:PDF},
  Timestamp                = {2014.01.07}
}

@Article{angeli2002lyapunov,
  Title                    = {A {L}yapunov approach to incremental stability properties},
  Author                   = {Angeli, David},
  Journal                  = {Automatic Control, IEEE Transactions on},
  Pages                    = {410--421},
  Volume                   = {47},
  Year                     = {2002},
  Number                   = {3},

  File                     = {angeli2002lyapunov.pdf:angeli2002lyapunov.pdf:PDF},
  Timestamp                = {2015.08.20}
}

@InProceedings{antoulas2009overview,
  Title                    = {An overview of model reduction methods and a new result},
  Author                   = {Antoulas, Athanasios C},
  Booktitle                = {Decision and Control, held jointly with the 28th Chinese Control Conference (CDC-CCC), 2009 Proceedings of the 48th IEEE Conference on},
  Year                     = {2009},
  Organization             = {IEEE},
  Pages                    = {5357--5361},

  File                     = {antoulas2009overview.pdf:papers\\antoulas2009overview.pdf:PDF;antoulas2009overview.pdf:antoulas2009overview.pdf:PDF},
  Timestamp                = {2013.03.25}
}

@Book{antoulas2005approximation,
  Title                    = {Approximation of large-scale dynamical systems},
  Author                   = {Antoulas, Athanasios C},
  Publisher                = {Society for Industrial and Applied Mathematics},
  Year                     = {2005},

  Address                  = {Philadelphia, PA, USA},

  File                     = {Antoulas2005approximation.pdf:Antoulas2005approximation.pdf:PDF},
  ISBN                     = {0898715296},
  Timestamp                = {2013.03.25}
}

@Article{antoulas2005new,
  Title                    = {A new result on passivity preserving model reduction},
  Author                   = {Antoulas, Athanasios C},
  Journal                  = {Systems \& Control Letters},
  Pages                    = {361--374},
  Volume                   = {54},
  Year                     = {2005},
  Number                   = {4},

  File                     = {antoulas2005new.pdf:antoulas2005new.pdf:PDF},
  Publisher                = {Elsevier},
  Timestamp                = {2014.01.29}
}

@Article{antoulas2002decay,
  Title                    = {On the decay rate of {Hankel} singular values and related issues},
  Author                   = {Antoulas, Athanasios C and Sorensen, Danny C and Zhou, Yunkai},
  Journal                  = {Systems \& Control Letters},
  Pages                    = {323--342},
  Volume                   = {46},
  Year                     = {2002},
  Number                   = {5},

  File                     = {antoulas2002decay.pdf:antoulas2002decay.pdf:PDF},
  Publisher                = {Elsevier},
  Timestamp                = {2014.01.15}
}

@Article{aoki1972feedback,
  Title                    = {On feedback stabilizability of decentralized dynamic systems},
  Author                   = {Aoki, Masanao},
  Journal                  = {Automatica},
  Pages                    = {163--173},
  Volume                   = {8},
  Year                     = {1972},
  Number                   = {2},

  File                     = {aoki1972feedback.pdf:aoki1972feedback.pdf:PDF},
  Publisher                = {Elsevier},
  Timestamp                = {2014.11.28}
}

@Article{aoki1968control,
  Title                    = {Control of large-scale dynamic systems by aggregation},
  Author                   = {Aoki, Masanao},
  Journal                  = {Automatic Control, IEEE Transactions on},
  Pages                    = {246--253},
  Volume                   = {13},
  Year                     = {1968},
  Number                   = {3},

  File                     = {aoki1968control.pdf:aoki1968control.pdf:PDF},
  Publisher                = {IEEE},
  Timestamp                = {2013.06.24}
}

@Article{arcak2007passivity,
  Title                    = {Passivity as a design tool for group coordination},
  Author                   = {Arcak, Murat},
  Journal                  = {Automatic Control, IEEE Transactions on},
  Pages                    = {1380--1390},
  Volume                   = {52},
  Year                     = {2007},
  Number                   = {8},

  File                     = {arcak2007passivity.pdf:arcak2007passivity.pdf:PDF},
  Publisher                = {IEEE},
  Timestamp                = {2014.10.10}
}

@Article{arcak2006diagonal,
  Title                    = {Diagonal stability of a class of cyclic systems and its connection with the secant criterion},
  Author                   = {Arcak, Murat and Sontag, Eduardo D},
  Journal                  = {Automatica},
  Pages                    = {1531--1537},
  Volume                   = {42},
  Year                     = {2006},
  Number                   = {9},

  File                     = {arcak2006diagonal.pdf:arcak2006diagonal.pdf:PDF},
  Publisher                = {Elsevier},
  Timestamp                = {2013.03.29}
}

@Article{astolfi2010model,
  Title                    = {Model reduction by moment matching for linear and nonlinear systems},
  Author                   = {Astolfi, Alessandro},
  Journal                  = {Automatic Control, IEEE Transactions on},
  Pages                    = {2321--2336},
  Volume                   = {55},
  Year                     = {2010},
  Number                   = {10},

  File                     = {astolfi2010model.pdf:papers\\astolfi2010model.pdf:PDF;astolfi2010model.pdf:astolfi2010model.pdf:PDF},
  Publisher                = {IEEE},
  Timestamp                = {2013.03.25}
}

@Article{astolfi2004note,
  Title                    = {A note on the existence of positive realizations},
  Author                   = {Astolfi, Alessandro and Colaneri, Patrizio},
  Journal                  = {Linear Algebra and Its Applications},
  Pages                    = {329--343},
  Volume                   = {390},
  Year                     = {2004},

  File                     = {astolfi2004note.pdf:papers\\astolfi2004note.pdf:PDF;astolfi2004note.pdf:astolfi2004note.pdf:PDF},
  Publisher                = {Elsevier},
  Timestamp                = {2013.03.25}
}

@InProceedings{astolfi2000static,
  Title                    = {Static output feedback stabilization of linear and nonlinear systems},
  Author                   = {Astolfi, A and Colaneri, P},
  Booktitle                = {Decision and Control (CDC), 2000 Proceedings of the 39th IEEE Conference on},
  Year                     = {2000},
  Organization             = {IEEE},
  Pages                    = {2920--2925},
  Volume                   = {3},

  File                     = {astolfi2000static.pdf:astolfi2000static.pdf:PDF},
  Timestamp                = {2014.12.28}
}

@Article{burger2014duality,
  Title                    = {Duality and network theory in passivity-based cooperative control},
  Author                   = {B{\"u}rger, Mathias and Zelazo, Daniel and Allg{\"o}wer, Frank},
  Journal                  = {Automatica},
  Pages                    = {2051--2061},
  Volume                   = {50},
  Year                     = {2014},
  Number                   = {8},

  File                     = {burger2014duality.pdf:burger2014duality.pdf:PDF},
  Publisher                = {Elsevier},
  Timestamp                = {2015.07.03}
}

@Article{burger2013hierarchical,
  Title                    = {Hierarchical clustering of dynamical networks using a saddle-point analysis},
  Author                   = {B{\"u}rger, Mathias and Zelazo, Daniel and Allg{\"o}wer, Frank},
  Journal                  = {Automatic Control, IEEE Transactions on},
  Pages                    = {113--124},
  Volume                   = {58},
  Year                     = {2013},
  Number                   = {1},

  File                     = {burger2013hierarchical.pdf:burger2013hierarchical.pdf:PDF},
  Publisher                = {IEEE},
  Timestamp                = {2015.07.03}
}

@Article{biyik2008area,
  Title                    = {Area aggregation and time-scale modeling for sparse nonlinear networks},
  Author                   = {B{\i}y{\i}k, Emrah and Arcak, Murat},
  Journal                  = {Systems \& Control Letters},
  Pages                    = {142--149},
  Volume                   = {57},
  Year                     = {2008},
  Number                   = {2},

  File                     = {biyik2008area.pdf:papers\\biyik2008area.pdf:PDF;biyik2008area.pdf:biyik2008area.pdf:PDF},
  Publisher                = {Elsevier},
  Timestamp                = {2013.03.25}
}

@Book{bai2011cooperative,
  Title                    = {Cooperative control design: a systematic, passivity-based approach},
  Author                   = {Bai, He and Arcak, Murat and Wen, John},
  Publisher                = {Springer},
  Year                     = {2011},
  Volume                   = {89},

  Timestamp                = {2014.10.10}
}

@Article{bakule2008decentralized,
  Title                    = {Decentralized control: An overview},
  Author                   = {Bakule, Lubom{\'\i}r},
  Journal                  = {Annual Reviews in Control},
  Pages                    = {87--98},
  Volume                   = {32},
  Year                     = {2008},
  Number                   = {1},

  File                     = {bakule2008decentralized.pdf:bakule2008decentralized.pdf:PDF},
  Publisher                = {Elsevier},
  Timestamp                = {2014.01.21}
}

@Article{bamieh2002distributed,
  Title                    = {Distributed control of spatially invariant systems},
  Author                   = {Bamieh, Bassam and Paganini, Fernando and Dahleh, Munther A},
  Journal                  = {Automatic Control, IEEE Transactions on},
  Pages                    = {1091--1107},
  Volume                   = {47},
  Year                     = {2002},
  Number                   = {7},

  File                     = {bamieh2002distributed.pdf:bamieh2002distributed.pdf:PDF},
  Publisher                = {IEEE},
  Timestamp                = {2016.04.18}
}

@Article{bao2002passivity,
  Title                    = {A passivity-based analysis for decentralized integral controllability},
  Author                   = {Bao, Jie and James McLellan, P and Fraser Forbes, J},
  Journal                  = {Automatica},
  Pages                    = {243--247},
  Volume                   = {38},
  Year                     = {2002},
  Number                   = {2},

  File                     = {bao2002passivity.pdf:papers\\bao2002passivity.pdf:PDF;bao2002passivity.pdf:bao2002passivity.pdf:PDF},
  Publisher                = {Elsevier},
  Timestamp                = {2013.03.25}
}

@Article{barker1978positive,
  Title                    = {Positive diagonal solutions to the {Lyapunov} equations},
  Author                   = {Barker, GP and Berman, A and Plemmons, RJ},
  Journal                  = {Linear and Multilinear Algebra},
  Pages                    = {249--256},
  Volume                   = {5},
  Year                     = {1978},
  Number                   = {4},

  File                     = {barker1978positive.pdf:papers\\barker1978positive.pdf:PDF},
  Publisher                = {Taylor \& Francis},
  Timestamp                = {2013.04.05}
}

@Book{barrat2008dynamical,
  Title                    = {Dynamical processes on complex networks},
  Author                   = {Barrat, Alain and Barthlemy, Marc and Vespignani, Alessandro},
  Publisher                = {Cambridge University Press},
  Year                     = {2008},

  Timestamp                = {2013.03.25}
}

@Book{bazaraa2013nonlinear,
  Title                    = {Nonlinear programming: theory and algorithms},
  Author                   = {Bazaraa, Mokhtar S and Sherali, Hanif D and Shetty, Chitharanjan Marakada},
  Publisher                = {John Wiley \& Sons},
  Year                     = {2013},

  Timestamp                = {2014.10.31}
}

@InProceedings{beattie2008interpolation,
  Title                    = {Interpolation theory for structure-preserving model reduction},
  Author                   = {Beattie, Christopher A and Gugercin, Serkan},
  Booktitle                = {Decision and Control (CDC), 2008 Proceedings of the 47th IEEE Conference on},
  Year                     = {2008},
  Organization             = {IEEE},
  Pages                    = {4204--4208},

  File                     = {beattie2008interpolation.pdf:papers\\beattie2008interpolation.pdf:PDF;beattie2008interpolation.pdf:beattie2008interpolation.pdf:PDF},
  Timestamp                = {2013.03.25}
}

@Article{beck1996model,
  Title                    = {Model reduction of multidimensional and uncertain systems},
  Author                   = {Beck, Carolyn L and Doyle, John and Glover, Keith},
  Journal                  = {Automatic Control, IEEE Transactions on},
  Pages                    = {1466--1477},
  Volume                   = {41},
  Year                     = {1996},
  Number                   = {10},

  File                     = {beck1996model.pdf:papers\\beck1996model.pdf:PDF},
  Publisher                = {IEEE},
  Timestamp                = {2015.03.12}
}

@InProceedings{van2009model,
  Title                    = {Model reduction of multi-variable distributed systems through empirical projection spaces},
  Author                   = {van Belzen, Femke and Weiland, Siep and Ozkan, Leyla},
  Booktitle                = {Decision and Control, held jointly with the 28th Chinese Control Conference (CDC-CCC), 2009 Proceedings of the 48th IEEE Conference on},
  Year                     = {2009},
  Organization             = {IEEE},
  Pages                    = {5351--5356},

  File                     = {van2009model.pdf:van2009model.pdf:PDF},
  Timestamp                = {2014.10.09}
}

@Article{bemporad2002explicit,
  Title                    = {The explicit linear quadratic regulator for constrained systems},
  Author                   = {Bemporad, Alberto and Morari, Manfred and Dua, Vivek and Pistikopoulos, Efstratios N},
  Journal                  = {Automatica},
  Pages                    = {3--20},
  Volume                   = {38},
  Year                     = {2002},
  Number                   = {1},

  File                     = {bemporad2002explicit.pdf:bemporad2002explicit.pdf:PDF},
  Publisher                = {Elsevier},
  Timestamp                = {2014.10.28}
}

@Book{ben2009robust,
  Title                    = {Robust optimization},
  Author                   = {Ben-Tal, Aharon and El Ghaoui, Laurent and Nemirovski, Arkadi},
  Publisher                = {Princeton University Press},
  Year                     = {2009},

  File                     = {ben2009robust.pdf:ben2009robust.pdf:PDF},
  Timestamp                = {2015.03.13}
}

@Article{benvenuti2004tutorial,
  Title                    = {A tutorial on the positive realization problem},
  Author                   = {Benvenuti, Luca and Farina, Lorenzo},
  Journal                  = {Automatic Control, IEEE Transactions on},
  Pages                    = {651--664},
  Volume                   = {49},
  Year                     = {2004},
  Number                   = {5},

  File                     = {benvenuti2004tutorial.pdf:papers\\benvenuti2004tutorial.pdf:PDF;benvenuti2004tutorial.pdf:benvenuti2004tutorial.pdf:PDF},
  Publisher                = {IEEE},
  Timestamp                = {2013.03.25}
}

@Article{benzi1997remarks,
  Title                    = {Remarks on the numerical solution of certain linear complementarity problems},
  Author                   = {Benzi, Michele},
  Journal                  = {Journal of computational and applied mathematics},
  Pages                    = {137--143},
  Volume                   = {83},
  Year                     = {1997},
  Number                   = {1},

  File                     = {benzi1997remarks.pdf:benzi1997remarks.pdf:PDF},
  Owner                    = {koike},
  Publisher                = {Elsevier},
  Timestamp                = {2013.09.05}
}

@Book{bernstein2009matrix,
  Title                    = {Matrix mathematics: theory, facts, and formulas},
  Author                   = {Bernstein, Dennis S},
  Publisher                = {Princeton University Press},
  Year                     = {2009},

  File                     = {bernstein2009matrix.pdf:papers\\bernstein2009matrix.pdf:PDF},
  Timestamp                = {2013.03.25}
}

@Article{besselink2012model,
  Title                    = {Model reduction for a class of convergent nonlinear systems},
  Author                   = {Besselink, Bart and van de Wouw, Nathan and Nijmeijer, Henk},
  Journal                  = {Automatic Control, IEEE Transactions on},
  Pages                    = {1071--1076},
  Volume                   = {57},
  Year                     = {2012},
  Number                   = {4},

  File                     = {besselink2012model.pdf:besselink2012model.pdf:PDF},
  Publisher                = {IEEE},
  Timestamp                = {2014.04.24}
}

@InProceedings{besselink2011model,
  Title                    = {Model reduction of nonlinear systems with bounded incremental {$\mathcal{L}_{2}$} gain},
  Author                   = {Besselink, Bart and van de Wouw, Nathan and Nijmeijer, Henk},
  Booktitle                = {Decision and Control, held jointly with European Control Conference (CDC-ECC), 2011 Proceedings of the 50th IEEE Conference on},
  Year                     = {2011},
  Organization             = {IEEE},
  Pages                    = {7170--7175},

  File                     = {besselink2011model.pdf:besselink2011model.pdf:PDF},
  Timestamp                = {2014.04.24}
}

@InProceedings{besselink2009error,
  Title                    = {An error bound for model reduction of Lur'e-type systems},
  Author                   = {Besselink, Bart and van de Wouw, Nathan and Nijmeijer, Henk},
  Booktitle                = {Decision and Control, held jointly with the 28th Chinese Control Conference (CDC-CCC), 2009 Proceedings of the 48th IEEE Conference on},
  Year                     = {2009},
  Organization             = {IEEE},
  Pages                    = {3264--3269},

  File                     = {besselink2009error.pdf:besselink2009error.pdf:PDF},
  Timestamp                = {2014.04.24}
}

@Article{blankenship1981singularly,
  Title                    = {Singularly perturbed difference equations in optimal control problems},
  Author                   = {Blankenship, Gilmer},
  Journal                  = {Automatic Control, IEEE Transactions on},
  Pages                    = {911--917},
  Volume                   = {26},
  Year                     = {1981},
  Number                   = {4},

  File                     = {blankenship1981singularly.pdf:blankenship1981singularly.pdf:PDF},
  Publisher                = {IEEE},
  Timestamp                = {2015.02.08}
}

@Article{blondel2000survey,
  Title                    = {A survey of computational complexity results in systems and control},
  Author                   = {Blondel, Vincent D and Tsitsiklis, John N},
  Journal                  = {Automatica},
  Pages                    = {1249--1274},
  Volume                   = {36},
  Year                     = {2000},
  Number                   = {9},

  File                     = {blondel2000survey.pdf:blondel2000survey.pdf:PDF},
  Publisher                = {Elsevier},
  Timestamp                = {2015.12.04}
}

@Article{boccaletti2006complex,
  Title                    = {Complex networks: Structure and dynamics},
  Author                   = {Boccaletti, Stefano and Latora, Vito and Moreno, Yamir and Chavez, Martin and Hwang, D-U},
  Journal                  = {Physics Reports},
  Pages                    = {175--308},
  Volume                   = {424},
  Year                     = {2006},
  Number                   = {4},

  File                     = {boccaletti2006complex.pdf:papers\\boccaletti2006complex.pdf:PDF;boccaletti2006complex.pdf:boccaletti2006complex.pdf:PDF},
  Publisher                = {Elsevier},
  Timestamp                = {2013.03.25}
}

@Article{borrelli2008distributed,
  Title                    = {Distributed {LQR} design for identical dynamically decoupled systems},
  Author                   = {Borrelli, Francesco and Keviczky, Tam{\'a}s},
  Journal                  = {Automatic Control, IEEE Transactions on},
  Pages                    = {1901--1912},
  Volume                   = {53},
  Year                     = {2008},
  Number                   = {8},

  File                     = {borrelli2008distributed.pdf:papers\\borrelli2008distributed.pdf:PDF;borrelli2008distributed.pdf:borrelli2008distributed.pdf:PDF},
  Publisher                = {IEEE},
  Timestamp                = {2013.03.25}
}

@Book{boyd1987linear,
  Title                    = {Linear matrix inequalities in system and control theory},
  Author                   = {Boyd, Stephen and El Ghaoul, Laurent and Feron, Eric and Balakrishnan, Venkataramanan},
  Publisher                = {Society for Industrial and Applied Mathematics},
  Year                     = {1987},
  Volume                   = {15},

  File                     = {boyd1987linear.pdf:boyd1987linear.pdf:PDF},
  Timestamp                = {2013.03.29}
}

@Article{boyd2011distributed,
  Title                    = {Distributed optimization and statistical learning via the alternating direction method of multipliers},
  Author                   = {Boyd, Stephen and Parikh, Neal and Chu, Eric and Peleato, Borja and Eckstein, Jonathan},
  Journal                  = {Foundations and Trends in Machine Learning},
  Pages                    = {1--122},
  Volume                   = {3},
  Year                     = {2011},
  Number                   = {1},

  File                     = {boyd2011distributed.pdf:boyd2011distributed.pdf:PDF},
  Publisher                = {Now Publishers Inc.},
  Timestamp                = {2016.07.27}
}

@Book{boyd2004convex,
  Title                    = {Convex optimization},
  Author                   = {Boyd, Stephen and Vandenberghe, Lieven},
  Publisher                = {Cambridge university press},
  Year                     = {2004},

  File                     = {boyd2004convex.pdf:boyd2004convex.pdf:PDF},
  Timestamp                = {2015.06.20}
}

@Article{boyd1989structured,
  Title                    = {Structured and simultaneous {Lyapunov} functions for system stability problems},
  Author                   = {Boyd, Stephen and Yang, Qinping},
  Journal                  = {International Journal of Control},
  Pages                    = {2215--2240},
  Volume                   = {49},
  Year                     = {1989},
  Number                   = {6},

  File                     = {boyd1989structured.pdf:boyd1989structured.pdf:PDF},
  Publisher                = {Taylor \& Francis},
  Timestamp                = {2014.09.30}
}

@InProceedings{camlibel2013incrementally,
  Title                    = {Incrementally port-{Hamiltonian} systems},
  Author                   = {Camlibel, M Kanat and van der Schaft, AJ},
  Booktitle                = {Decision and Control (CDC), 2013 IEEE 52nd Annual Conference on},
  Year                     = {2013},
  Organization             = {IEEE},
  Pages                    = {2538--2543},

  File                     = {camlibel2013incrementally.pdf:camlibel2013incrementally.pdf:PDF},
  Timestamp                = {2015.08.20}
}

@Article{campo1994achievable,
  Title                    = {Achievable closed-loop properties of systems under decentralized control: Conditions involving the steady-state gain},
  Author                   = {Campo, Peter J and Morari, Manfred},
  Journal                  = {Automatic Control, IEEE Transactions on},
  Pages                    = {932--943},
  Volume                   = {39},
  Year                     = {1994},
  Number                   = {5},

  File                     = {campo1994achievable.pdf:papers\\campo1994achievable.pdf:PDF;campo1994achievable.pdf:campo1994achievable.pdf:PDF},
  Publisher                = {IEEE},
  Timestamp                = {2013.03.25}
}

@InProceedings{casella2000modelling,
  Title                    = {Modelling and control for vibration suppression in a large flexible structure with jet thrusters and piezoactuators},
  Author                   = {Casella, Francesco and Locatelli, Arturo and Schiavoni, Nicola},
  Booktitle                = {Decision and Control (CDC), 2000 Proceedings of the 39th IEEE Conference on},
  Year                     = {2000},
  Organization             = {IEEE},
  Pages                    = {4491--4499},
  Volume                   = {5},

  File                     = {casella2000modelling.pdf:casella2000modelling.pdf:PDF},
  Timestamp                = {2014.01.29}
}

@Article{cervera2007interconnection,
  Title                    = {Interconnection of port-Hamiltonian systems and composition of Dirac structures},
  Author                   = {Cervera, J and Van Der Schaft, AJ and Banos, A},
  Journal                  = {Automatica},
  Pages                    = {212--225},
  Volume                   = {43},
  Year                     = {2007},
  Number                   = {2},

  File                     = {cervera2007interconnection.pdf:cervera2007interconnection.pdf:PDF},
  Publisher                = {Elsevier},
  Timestamp                = {2013.04.16}
}

@Article{chakrabortty2014distributed,
  Title                    = {Distributed Optimization Methods for Wide-Area Damping Control of Power System Oscillations},
  Author                   = {Chakrabortty, Aranya},
  Journal                  = {IFAC Proceedings Volumes},
  Pages                    = {1861--1866},
  Volume                   = {47},
  Year                     = {2014},
  Number                   = {3},

  File                     = {chakrabortty2014distributed.pdf:chakrabortty2014distributed.pdf:PDF},
  Publisher                = {Elsevier},
  Timestamp                = {2016.08.30}
}

@InProceedings{chakrabortty2011wide,
  Title                    = {Wide-area damping control of large power systems using a model reference approach},
  Author                   = {Chakrabortty, Aranya},
  Booktitle                = {Decision and Control, held jointly with European Control Conference (CDC-ECC), 2011 Proceedings of the 50th IEEE Conference on},
  Year                     = {2011},
  Organization             = {IEEE},
  Pages                    = {2189--2194},

  File                     = {chakrabortty2011wide.pdf:papers\\chakrabortty2011wide.pdf:PDF}
}

@Article{chandra2006scaled,
  Title                    = {A scaled small gain theorem with applications to spatially interconnected systems},
  Author                   = {Chandra, Ramu S and D'Andrea, Raffaello},
  Journal                  = {Automatic Control, IEEE Transactions on},
  Pages                    = {465--469},
  Volume                   = {51},
  Year                     = {2006},
  Number                   = {3},

  File                     = {chandra2006scaled.pdf:chandra2006scaled.pdf:PDF},
  Publisher                = {IEEE},
  Timestamp                = {2014.12.20}
}

@Article{chandra2016time,
  author    = {Chandra, Souvik and Gayme, Dennice F and Chakrabortty, Aranya},
  title     = {Time-scale modeling of wind-integrated power systems},
  journal   = {Power Systems, IEEE Transactions on},
  year      = {2016},
  volume    = {31},
  number    = {6},
  pages     = {4712--4721},
  file      = {chandra2016time.pdf:chandra2016time.pdf:PDF},
  publisher = {IEEE},
  timestamp = {2016.04.07},
}

@Article{cheng2003quadratic,
  Title                    = {On quadratic {L}yapunov functions},
  Author                   = {Cheng, Daizhan and Guo, Lei and Huang, Jie},
  Journal                  = {Automatic Control, IEEE Transactions on},
  Pages                    = {885--890},
  Volume                   = {48},
  Year                     = {2003},
  Number                   = {5},

  File                     = {cheng2003quadratic.pdf:cheng2003quadratic.pdf:PDF},
  Publisher                = {IEEE},
  Timestamp                = {2014.04.07}
}

@Article{chow1985time,
  Title                    = {Time scale modeling of sparse dynamic networks},
  Author                   = {Chow, Joe Hong and Kokotovi{\'c}, Petar},
  Journal                  = {Automatic Control, IEEE Transactions on},
  Pages                    = {714--722},
  Volume                   = {30},
  Year                     = {1985},
  Number                   = {8},

  File                     = {chow1985time.pdf:papers\\chow1985time.pdf:PDF;chow1985time.pdf:chow1985time.pdf:PDF},
  Publisher                = {IEEE},
  Timestamp                = {2013.03.25}
}

@InProceedings{chu2011structured,
  Title                    = {A structured model reduction method for large scale networks},
  Author                   = {Chu, Bing and Duncan, Stephen and Papachristodoulou, Antonis},
  Booktitle                = {Decision and Control, held jointly with European Control Conference (CDC-ECC), 2011 Proceedings of the 50th IEEE Conference on},
  Year                     = {2011},
  Organization             = {IEEE},
  Pages                    = {7782--7787},

  File                     = {chu2011structured.pdf:papers\\chu2011structured.pdf:PDF;chu2011structured.pdf:chu2011structured.pdf:PDF},
  Timestamp                = {2013.03.25}
}

@Article{chu2005canonical,
  Title                    = {A canonical form for the inclusion principle of dynamic systems},
  Author                   = {Chu, Delin and {\v{S}}iljak, Dragoslav D},
  Journal                  = {SIAM Journal on Control and Optimization},
  Pages                    = {969--990},
  Volume                   = {44},
  Year                     = {2005},
  Number                   = {3},

  File                     = {chu2005canonical.pdf:chu2005canonical.pdf:PDF},
  Publisher                = {SIAM},
  Timestamp                = {2013.04.23}
}

@Article{chu1995rank,
  Title                    = {A rank-one reduction formula and its applications to matrix factorizations},
  Author                   = {Chu, Moody T and Funderlic, Robert E and Golub, Gene H},
  Journal                  = {SIAM review},
  Pages                    = {512--530},
  Volume                   = {37},
  Year                     = {1995},
  Number                   = {4},

  File                     = {chu1995rank.pdf:chu1995rank.pdf:PDF},
  Publisher                = {SIAM},
  Timestamp                = {2014.11.13}
}

@Article{chung2003duplication,
  Title                    = {Duplication models for biological networks},
  Author                   = {Chung, Fan and Lu, Linyuan and Dewey, T Gregory and Galas, David J},
  Journal                  = {Journal of computational biology},
  Pages                    = {677--687},
  Volume                   = {10},
  Year                     = {2003},
  Number                   = {5},

  File                     = {chung2003duplication.pdf:chung2003duplication.pdf:PDF},
  Publisher                = {Mary Ann Liebert, Inc.},
  Timestamp                = {2016.02.25}
}

@InProceedings{clapperton1994bilinear,
  Title                    = {Bilinear transformation and generalised singular perturbation model reduction},
  Author                   = {Clapperton, B and Crusca, F and Aldeen, M},
  Booktitle                = {Decision and Control (CDC), 1994 Proceedings of the 33rd IEEE Conference on},
  Year                     = {1994},
  Organization             = {IEEE},
  Pages                    = {3737--3742},
  Volume                   = {4},

  File                     = {clapperton1994bilinear.pdf:papers\\clapperton1994bilinear.pdf:PDF;clapperton1994bilinear.pdf:clapperton1994bilinear.pdf:PDF},
  Timestamp                = {2013.03.25}
}

@Article{curtain2009transfer,
  Title                    = {Transfer functions of distributed parameter systems: A tutorial},
  Author                   = {Curtain, Ruth F and Morris, Kirsten},
  Journal                  = {Automatica},
  Pages                    = {1101--1116},
  Volume                   = {45},
  Year                     = {2009},
  Number                   = {5},

  File                     = {curtain2009transfer.pdf:papers\\curtain2009transfer.pdf:PDF;curtain2009transfer.pdf:curtain2009transfer.pdf:PDF},
  Publisher                = {Elsevier},
  Timestamp                = {2013.03.25}
}

@Book{curtain1995introduction,
  Title                    = {An introduction to infinite-dimensional linear systems theory},
  Author                   = {Curtain, Ruth F and Zwart, Hans},
  Publisher                = {Springer},
  Year                     = {1995},
  Volume                   = {21},

  Timestamp                = {2013.03.25}
}

@Article{d2003distributed,
  Title                    = {Distributed control design for spatially interconnected systems},
  Author                   = {D'Andrea, Raffaello and Dullerud, Geir E},
  Journal                  = {Automatic Control, IEEE Transactions on},
  Pages                    = {1478--1495},
  Volume                   = {48},
  Year                     = {2003},
  Number                   = {9},

  File                     = {d2003distributed.pdf:d2003distributed.pdf:PDF},
  Owner                    = {koike},
  Publisher                = {IEEE},
  Timestamp                = {2013.05.29}
}

@Article{dorfler2011critical,
  Title                    = {On the critical coupling for Kuramoto oscillators},
  Author                   = {D{\"o}rfler, Florian and Bullo, Francesco},
  Journal                  = {SIAM Journal on Applied Dynamical Systems},
  Pages                    = {1070--1099},
  Volume                   = {10},
  Year                     = {2011},
  Number                   = {3},

  File                     = {dorfler2011critical.pdf:dorfler2011critical.pdf:PDF},
  Publisher                = {SIAM},
  Timestamp                = {2015.10.16}
}

@Book{desoer1975feedback,
  Title                    = {Feedback systems: input-output properties},
  Author                   = {Desoer, Charles A and Vidyasagar, Mathukumalli},
  Publisher                = {SIAM},
  Year                     = {1975},
  Volume                   = {55},

  Timestamp                = {2015.08.20}
}

@Article{dewilde1970passive,
  Title                    = {A passive synthesis for time-invariant transfer functions},
  Author                   = {Dewilde, Patrick and Silverman, L and Newcomb, R},
  Journal                  = {Circuit Theory, IEEE Transactions on},
  Pages                    = {333--338},
  Volume                   = {17},
  Year                     = {1970},
  Number                   = {3},

  File                     = {dewilde1970passive.pdf:dewilde1970passive.pdf:PDF},
  Publisher                = {IEEE},
  Timestamp                = {2013.04.23}
}

@Article{diwekar1999stability,
  Title                    = {Stability of matrix second-order systems: new conditions and perspectives},
  Author                   = {Diwekar, Anjali M and Yedavalli, Rama K},
  Journal                  = {Automatic Control, IEEE Transactions on},
  Pages                    = {1773--1777},
  Volume                   = {44},
  Year                     = {1999},
  Number                   = {9},

  File                     = {diwekar1999stability.pdf:diwekar1999stability.pdf:PDF},
  Publisher                = {IEEE},
  Timestamp                = {2014.04.22}
}

@Article{donkers2011stability,
  Title                    = {Stability analysis of networked control systems using a switched linear systems approach},
  Author                   = {Donkers, MCF and Heemels, WPMH and Van De Wouw, Nathan and Hetel, Laurentiu},
  Journal                  = {Automatic Control, IEEE Transactions on},
  Pages                    = {2101--2115},
  Volume                   = {56},
  Year                     = {2011},
  Number                   = {9},

  File                     = {donkers2011stability.pdf:donkers2011stability.pdf:PDF},
  Publisher                = {IEEE},
  Timestamp                = {2015.03.02}
}

@Article{dorfler2012synchronization,
  Title                    = {Synchronization and transient stability in power networks and nonuniform {Kuramoto} oscillators},
  Author                   = {Dorfler, Florian and Bullo, Francesco},
  Journal                  = {SIAM Journal on Control and Optimization},
  Pages                    = {1616--1642},
  Volume                   = {50},
  Year                     = {2012},
  Number                   = {3},

  File                     = {dorfler2012synchronization.pdf:dorfler2012synchronization.pdf:PDF},
  Publisher                = {SIAM},
  Timestamp                = {2014.10.03}
}

@Article{dorogovtsev2000structure,
  Title                    = {Structure of growing networks with preferential linking},
  Author                   = {Dorogovtsev, Sergey N and Mendes, Jos{\'e} Fernando F and Samukhin, Alexander N},
  Journal                  = {Physical Review Letters},
  Pages                    = {4633--4636},
  Volume                   = {85},
  Year                     = {2000},
  Number                   = {21},

  File                     = {dorogovtsev2000structure.pdf:papers\\dorogovtsev2000structure.pdf:PDF},
  Publisher                = {APS},
  Timestamp                = {2013.06.06}
}

@Article{doyle1989state,
  Title                    = {State-space solutions to standard {$\mathcal{H}_2$} and {$\mathcal{H}_{\infty}$} control problems},
  Author                   = {Doyle, John C and Glover, Keith and Khargonekar, Pramod P and Francis, Bruce A},
  Journal                  = {Automatic Control, IEEE Transactions on},
  Pages                    = {831--847},
  Volume                   = {34},
  Year                     = {1989},
  Number                   = {8},

  File                     = {doyle1989state.pdf:doyle1989state.pdf:PDF},
  Publisher                = {IEEE},
  Timestamp                = {2013.04.17}
}

@InCollection{dwork2006differential,
  Title                    = {Differential privacy},
  Author                   = {Dwork, Cynthia},
  Booktitle                = {Automata, languages and programming},
  Publisher                = {Springer},
  Year                     = {2006},
  Pages                    = {1--12},

  File                     = {dwork2006differential.pdf:dwork2006differential.pdf:PDF}
}

@Article{ebihara2014lmi,
  Title                    = {LMI approach to linear positive system analysis and synthesis},
  Author                   = {Ebihara, Yoshio and Peaucelle, Dimitri and Arzelier, Denis},
  Journal                  = {Systems \& Control Letters},
  Pages                    = {50--56},
  Volume                   = {63},
  Year                     = {2014},

  File                     = {ebihara2014lmi.pdf:ebihara2014lmi.pdf:PDF},
  Publisher                = {Elsevier},
  Timestamp                = {2014.10.01}
}

@InProceedings{ebihara2012decentralized,
  Title                    = {Decentralized control of interconnected positive systems using {$L_1$}-induced norm characterization},
  Author                   = {Ebihara, Yoshio and Peaucelle, Dimitri and Arzelier, Denis},
  Booktitle                = {Decision and Control (CDC), 2012 Proceedings of the 51st IEEE Conference on},
  Year                     = {2012},
  Organization             = {IEEE},
  Pages                    = {6653--6658},

  File                     = {ebihara2012decentralized.pdf:papers\\ebihara2012decentralized.pdf:PDF}
}

@Article{eckstein1992douglas,
  Title                    = {On the {Douglas-Rachford} splitting method and the proximal point algorithm for maximal monotone operators},
  Author                   = {Eckstein, Jonathan and Bertsekas, Dimitri P},
  Journal                  = {Mathematical Programming},
  Pages                    = {293--318},
  Volume                   = {55},
  Year                     = {1992},
  Number                   = {1-3},

  File                     = {eckstein1992douglas.pdf:eckstein1992douglas.pdf:PDF},
  Publisher                = {Springer},
  Timestamp                = {2016.07.27}
}

@InProceedings{egerstedt2010controllability,
  Title                    = {Controllability of networked systems},
  Author                   = {Egerstedt, Magnus},
  Booktitle                = {Mathematical Theory of Networks and Systems},
  Year                     = {2010},

  File                     = {egerstedt2010controllability.pdf:egerstedt2010controllability.pdf:PDF},
  Timestamp                = {2016.02.26}
}

@Book{elad2010sparse,
  Title                    = {Sparse and redundant representations},
  Author                   = {Elad, Michael},
  Publisher                = {Springer},
  Year                     = {2010},

  File                     = {elad2010sparse.pdf:papers\\elad2010sparse.pdf:PDF}
}

@Article{emami2003modeling,
  Title                    = {Modeling and control of distributed thermal systems},
  Author                   = {Emami-Naeini, Abbas and Ebert, Jon L and de Roover, Dick and Kosut, Robert L and Dettori, Marco and Porter, La Moyne L and Ghosal, Sarbajit},
  Journal                  = {Control Systems Technology, IEEE Transactions on},
  Pages                    = {668--683},
  Volume                   = {11},
  Year                     = {2003},
  Number                   = {5},

  File                     = {emami2003modeling.pdf:emami2003modeling.pdf:PDF},
  Publisher                = {IEEE},
  Timestamp                = {2014.01.29}
}

@InProceedings{enns1984model,
  Title                    = {Model reduction with balanced realizations: An error bound and a frequency weighted generalization},
  Author                   = {Enns, Dale F},
  Booktitle                = {Decision and Control (CDC), 1984 Proceedings of the 23rd IEEE Conference on},
  Year                     = {1984},
  Organization             = {IEEE},
  Pages                    = {127--132},
  Volume                   = {23},

  File                     = {enns1984model.pdf:papers\\enns1984model.pdf:PDF;enns1984model.pdf:enns1984model.pdf:PDF},
  Timestamp                = {2013.03.25}
}

@Article{falb1967decoupling,
  Title                    = {Decoupling in the design and synthesis of multivariable control systems},
  Author                   = {Falb, Peter L and Wolovich, William},
  Journal                  = {Automatic Control, IEEE Transactions on},
  Pages                    = {651--659},
  Volume                   = {12},
  Year                     = {1967},
  Number                   = {6},

  File                     = {falb1967decoupling.pdf:falb1967decoupling.pdf:PDF},
  Publisher                = {IEEE},
  Timestamp                = {2015.02.25}
}

@Book{farina2000positive,
  Title                    = {Positive linear systems: Theory and applications},
  Author                   = {Farina, Lorenzo and Rinaldi, Sergio},
  Publisher                = {Wiley New York},
  Year                     = {2000},

  Timestamp                = {2013.03.25}
}

@Article{farokhi2013optimal,
  Title                    = {Optimal structured static state-feedback control design with limited model information for fully-actuated systems},
  Author                   = {Farokhi, Farhad and Langbort, C{\'e}dric and Johansson, Karl H},
  Journal                  = {Automatica},
  Pages                    = {326--337},
  Volume                   = {49},
  Year                     = {2013},
  Number                   = {2},

  File                     = {farokhi2013optimal.pdf:farokhi2013optimal.pdf:PDF},
  Publisher                = {Elsevier},
  Timestamp                = {2014.12.01}
}

@Article{fernando1982singular,
  Title                    = {Singular perturbational model reduction in the frequency domain},
  Author                   = {Fernando, K and Nicholson, H},
  Journal                  = {Automatic Control, IEEE Transactions on},
  Pages                    = {969--970},
  Volume                   = {27},
  Year                     = {1982},
  Number                   = {4},

  File                     = {fernando1982singular.pdf:fernando1982singular.pdf:PDF},
  Publisher                = {IEEE},
  Timestamp                = {2015.02.08}
}

@Article{fiaz2013port,
  Title                    = {A port-Hamiltonian approach to power network modeling and analysis},
  Author                   = {Fiaz, S and Zonetti, D and Ortega, Rom{\'e}o and Scherpen, JMA and van der Schaft, AJ},
  Journal                  = {European Journal of Control},
  Pages                    = {477--485},
  Volume                   = {19},
  Year                     = {2013},
  Number                   = {6},

  File                     = {fiaz2013port.pdf:fiaz2013port.pdf:PDF},
  Publisher                = {Elsevier},
  Timestamp                = {2015.03.07}
}

@Article{fortunato2010community,
  Title                    = {Community detection in graphs},
  Author                   = {Fortunato, Santo},
  Journal                  = {Physics Reports},
  Pages                    = {75--174},
  Volume                   = {486},
  Year                     = {2010},
  Number                   = {3},

  File                     = {fortunato2010community.pdf:fortunato2010community.pdf:PDF},
  Publisher                = {Elsevier},
  Timestamp                = {2014.01.16}
}

@Article{fradkov1994passification,
  Title                    = {Passification of non-square linear systems and feedback {Yakubovich-Kalman-Popov} Lemma},
  Author                   = {Fradkov, Alexander},
  Journal                  = {European Journal of Control},
  Pages                    = {573--582},
  Volume                   = {6},
  Year                     = {1994},

  File                     = {fradkov1994passification.pdf:papers\\fradkov1994passification.pdf:PDF},
  Timestamp                = {2013.03.29}
}

@InProceedings{fujimoto2007balanced,
  Title                    = {Balanced realization and model reduction of port-{H}amiltonian systems},
  Author                   = {Fujimoto, Kenji and Kajiura, Hideo},
  Booktitle                = {American Control Conference (ACC), 2007},
  Year                     = {2007},
  Organization             = {IEEE},
  Pages                    = {930--934},

  File                     = {fujimoto2007balanced.pdf:papers\\fujimoto2007balanced.pdf:PDF;fujimoto2007balanced.pdf:fujimoto2007balanced.pdf:PDF},
  Timestamp                = {2013.03.25}
}

@Article{gallivan2004model,
  Title                    = {Model reduction of {MIMO} systems via tangential interpolation},
  Author                   = {Gallivan, K and Vandendorpe, A and Van Dooren, P},
  Journal                  = {SIAM Journal on Matrix Analysis and Applications},
  Pages                    = {328--349},
  Volume                   = {26},
  Year                     = {2004},
  Number                   = {2},

  File                     = {gallivan2004model.pdf:papers\\gallivan2004model.pdf:PDF;gallivan2004model.pdf:gallivan2004model.pdf:PDF},
  Publisher                = {SIAM},
  Timestamp                = {2013.03.25}
}

@Article{gallivan2003model,
  Title                    = {Model Reduction via truncation: an interpolation point of view},
  Author                   = {Gallivan, K and Vandendorpe, A and Van Dooren, P},
  Journal                  = {Linear Algebra and Its Applications},
  Pages                    = {115--134},
  Volume                   = {375},
  Year                     = {2003},

  File                     = {gallivan2003model.pdf:papers\\gallivan2003model.pdf:PDF;gallivan2003model.pdf:gallivan2003model.pdf:PDF},
  Publisher                = {Elsevier},
  Timestamp                = {2013.03.25}
}

@Article{gattami2012robust,
  Title                    = {Robust team decision theory},
  Author                   = {Gattami, Ather and Bernhardsson, Bo M and Rantzer, Anders},
  Journal                  = {Automatic Control, IEEE Transactions on},
  Pages                    = {794--798},
  Volume                   = {57},
  Year                     = {2012},
  Number                   = {3},

  File                     = {gattami2012robust.pdf:gattami2012robust.pdf:PDF},
  Publisher                = {IEEE},
  Timestamp                = {2015.04.24}
}

@Article{georgiou1990optimal,
  Title                    = {Optimal robustness in the gap metric},
  Author                   = {Georgiou, Tryphon T and Smith, Malcolm C},
  Journal                  = {Automatic Control, IEEE Transactions on},
  Pages                    = {673--686},
  Volume                   = {35},
  Year                     = {1990},
  Number                   = {6},

  File                     = {georgiou1990optimal.pdf:georgiou1990optimal.pdf:PDF},
  Publisher                = {IEEE},
  Timestamp                = {2014.10.09}
}

@Article{ghadami2013decomposition,
  Title                    = {Decomposition-Based Distributed Control for Continuous-Time Multi-Agent Systems},
  Author                   = {Ghadami, Rasoul and Shafai, Bahram},
  Journal                  = {Automatic Control, IEEE Transactions on},
  Pages                    = {258--264},
  Volume                   = {58},
  Year                     = {2013},
  Number                   = {1},

  File                     = {ghadami2013decomposition.pdf:ghadami2013decomposition.pdf:PDF},
  Publisher                = {IEEE}
}

@InProceedings{ghafoor2006frequency,
  Title                    = {Frequency weighted balanced model reduction: a survey},
  Author                   = {Ghafoor, Abdul and Sreeram, Victor},
  Booktitle                = {Control, Automation, Robotics and Vision (ICARCV'06), 2006 Proceedings of the 9th International Conference on},
  Year                     = {2006},
  Organization             = {IEEE},
  Pages                    = {1--6},

  File                     = {ghafoor2006frequency.pdf:ghafoor2006frequency.pdf:PDF},
  Timestamp                = {2013.04.24}
}

@Article{girard2006towards,
  Title                    = {Towards a multiresolution approach to linear control},
  Author                   = {Girard, Antoine},
  Journal                  = {Automatic Control, IEEE Transactions on},
  Pages                    = {1261--1270},
  Volume                   = {51},
  Year                     = {2006},
  Number                   = {8},

  File                     = {girard2006towards.pdf:girard2006towards.pdf:PDF},
  Publisher                = {IEEE},
  Timestamp                = {2015.03.01}
}

@Article{girard2009hierarchical,
  Title                    = {Hierarchical control system design using approximate simulation},
  Author                   = {Girard, Antoine and Pappas, George J},
  Journal                  = {Automatica},
  Pages                    = {566--571},
  Volume                   = {45},
  Year                     = {2009},
  Number                   = {2},

  File                     = {girard2009hierarchical.pdf:girard2009hierarchical.pdf:PDF},
  Publisher                = {Elsevier},
  Timestamp                = {2015.03.02}
}

@Article{glover1984all,
  Title                    = {All optimal {Hankel}-norm approximations of linear multivariable systems and their ${L}_{\infty}$-error bounds},
  Author                   = {Glover, Keith},
  Journal                  = {International Journal of Control},
  Pages                    = {1115--1193},
  Volume                   = {39},
  Year                     = {1984},
  Number                   = {6},

  Publisher                = {Taylor \& Francis},
  Timestamp                = {2013.03.25}
}

@Article{goddard1998controller,
  Title                    = {Controller approximation: approaches for preserving ${H}_{\infty}$ performance},
  Author                   = {Goddard, Philip J and Glover, Keith},
  Journal                  = {Automatic Control, IEEE Transactions on},
  Pages                    = {858--871},
  Volume                   = {43},
  Year                     = {1998},
  Number                   = {7},

  File                     = {goddard1998controller.pdf:papers\\goddard1998controller.pdf:PDF;goddard1998controller.pdf:goddard1998controller.pdf:PDF},
  Publisher                = {IEEE},
  Timestamp                = {2013.03.25}
}

@InProceedings{goddard1994performance,
  Title                    = {Performance-preserving frequency weighted controller approximation: a coprime factorisation approach},
  Author                   = {Goddard, Philip John and Glover, Keith},
  Booktitle                = {Decision and Control (CDC), 1994 Proceedings of the 33rd IEEE Conference on},
  Year                     = {1994},
  Organization             = {IEEE},
  Pages                    = {2720--2725},
  Volume                   = {3},

  File                     = {goddard1994performance.pdf:papers\\goddard1994performance.pdf:PDF;goddard1994performance.pdf:goddard1994performance.pdf:PDF},
  Timestamp                = {2013.03.28}
}

@Article{gorinevsky2003structured,
  Title                    = {Structured uncertainty analysis of robust stability for multidimensional array systems},
  Author                   = {Gorinevsky, Dimitry and Stein, Gunter},
  Journal                  = {Automatic Control, IEEE Transactions on},
  Pages                    = {1557--1568},
  Volume                   = {48},
  Year                     = {2003},
  Number                   = {9},

  File                     = {gorinevsky2003structured.pdf:gorinevsky2003structured.pdf:PDF},
  Publisher                = {IEEE},
  Timestamp                = {2014.12.20}
}

@InProceedings{grigoriadis1995optimal,
  Title                    = {Optimal {$H_{\infty}$} model reduction via linear matrix inequalities: continuous and discrete-time cases},
  Author                   = {Grigoriadis, Karolos M},
  Booktitle                = {Decision and Control (CDC), 1995 Proceedings of the 34th IEEE Conference on},
  Year                     = {1995},
  Organization             = {IEEE},
  Pages                    = {3074--3079},
  Volume                   = {3},

  File                     = {grigoriadis1995optimal.pdf:grigoriadis1995optimal.pdf:PDF},
  Timestamp                = {2014.05.22}
}

@PhdThesis{grimme1997krylov,
  Title                    = {Krylov projection methods for model reduction},
  Author                   = {Grimme, Eric James},
  School                   = {University of Illinois},
  Year                     = {1997},

  File                     = {grimme1997krylov.pdf:grimme1997krylov.pdf:PDF},
  Timestamp                = {2013.06.22}
}

@Article{grosdidier1986interaction,
  Title                    = {Interaction measures for systems under decentralized control},
  Author                   = {Grosdidier, Pierre and Morari, Manfred},
  Journal                  = {Automatica},
  Pages                    = {309--319},
  Volume                   = {22},
  Year                     = {1986},
  Number                   = {3},

  File                     = {grosdidier1986interaction.pdf:grosdidier1986interaction.pdf:PDF},
  Publisher                = {Elsevier},
  Timestamp                = {2014.10.01}
}

@Article{guan2013decentralized,
  Title                    = {Decentralized stabilizability of multi-agent systems under fixed and switching topologies},
  Author                   = {Guan, Yongqiang and Ji, Zhijian and Zhang, Lin and Wang, Long},
  Journal                  = {Systems \& Control Letters},
  Pages                    = {438--446},
  Volume                   = {62},
  Year                     = {2013},
  Number                   = {5},

  File                     = {guan2013decentralized.pdf:guan2013decentralized.pdf:PDF},
  Publisher                = {Elsevier},
  Timestamp                = {2014.11.28}
}

@Article{gudmundsson1994approximate,
  Title                    = {Approximate solution of large sparse {Lyapunov} equations},
  Author                   = {Gudmundsson, Thorkell and Laub, Alan J},
  Journal                  = {Automatic Control, IEEE Transactions on},
  Pages                    = {1110--1114},
  Volume                   = {39},
  Year                     = {1994},
  Number                   = {5},

  File                     = {gudmundsson1994approximate.pdf:gudmundsson1994approximate.pdf:PDF},
  Publisher                = {IEEE},
  Timestamp                = {2014.01.29}
}

@Article{gugercin2008h_2,
  Title                    = {${H}_{2}$ model reduction for large-scale linear dynamical systems},
  Author                   = {Gugercin, Serkan and Antoulas, Athanasios C and Beattie, Chris},
  Journal                  = {SIAM Journal on Matrix Analysis and Applications},
  Pages                    = {609--638},
  Volume                   = {30},
  Year                     = {2008},
  Number                   = {2},

  File                     = {gugercin2008h_2.pdf:papers\\gugercin2008h_2.pdf:PDF;gugercin2008h_2.pdf:gugercin2008h_2.pdf:PDF},
  Publisher                = {SIAM},
  Timestamp                = {2013.03.25}
}

@Article{gugercin2012structure,
  Title                    = {Structure-preserving tangential interpolation for model reduction of port-{H}amiltonian systems},
  Author                   = {Gugercin, Serkan and Polyuga, Rostyslav V and Beattie, Christopher and Van Der Schaft, Arjan},
  Journal                  = {Automatica},
  Pages                    = {1963--1974},
  Volume                   = {48},
  Year                     = {2012},
  Number                   = {9},

  File                     = {gugercin2012structure.pdf:papers\\gugercin2012structure.pdf:PDF;gugercin2012structure.pdf:gugercin2012structure.pdf:PDF},
  Numpages                 = {12},
  Publisher                = {Elsevier},
  Timestamp                = {2013.03.25}
}

@Article{gugercin2003modified,
  Title                    = {A modified low-rank {Smith} method for large-scale {Lyapunov} equations},
  Author                   = {Gugercin, Serkan and Sorensen, Danny C and Antoulas, Athanasios C},
  Journal                  = {Numerical Algorithms},
  Pages                    = {27--55},
  Volume                   = {32},
  Year                     = {2003},
  Number                   = {1},

  File                     = {gugercin2003modified.pdf:gugercin2003modified.pdf:PDF},
  Publisher                = {Springer},
  Timestamp                = {2014.01.29}
}

@Article{gugercin2008krylov,
  Title                    = {Krylov projection framework for {F}ourier model reduction},
  Author                   = {Gugercin, Serkan and Willcox, Karen},
  Journal                  = {Automatica},
  Pages                    = {209--215},
  Volume                   = {44},
  Year                     = {2008},
  Number                   = {1},

  File                     = {gugercin2008krylov.pdf:papers\\gugercin2008krylov.pdf:PDF;gugercin2008krylov.pdf:gugercin2008krylov.pdf:PDF},
  Publisher                = {Elsevier},
  Timestamp                = {2013.03.25}
}

@Book{hardin2006system,
  Title                    = {System reduction of nonlinear positive systems by linearization and truncation},
  Author                   = {H{\"a}rdin, Hanna and van Schuppen, Jan},
  Publisher                = {Springer},
  Year                     = {2006},
  Pages                    = {431--438},

  File                     = {hardin2006system.pdf:hardin2006system.pdf:PDF},
  Timestamp                = {2014.05.15}
}

@Article{haddad1994dissipative,
  Title                    = {Dissipative ${H}_{2}/{H}_{\infty}$ controller synthesis},
  Author                   = {Haddad, Wassim M and Bernstein, Dennis S and Wang, Y William},
  Journal                  = {Automatic Control, IEEE Transactions on},
  Pages                    = {827--831},
  Volume                   = {39},
  Year                     = {1994},
  Number                   = {4},

  File                     = {haddad1994dissipative.pdf:papers\\haddad1994dissipative.pdf:PDF;haddad1994dissipative.pdf:haddad1994dissipative.pdf:PDF},
  Publisher                = {IEEE},
  Timestamp                = {2013.03.25}
}

@Book{hansen2003global,
  Title                    = {Global optimization using interval analysis: revised and expanded},
  Author                   = {Hansen, Eldon and Walster, G William},
  Publisher                = {CRC Press},
  Year                     = {2003},
  Volume                   = {264},

  Owner                    = {koike},
  Timestamp                = {2013.09.05}
}

@Article{knudsen2015dynamic,
  author    = {Knudsen, Jesper and Hansen, Jacob and Annaswamy, Anuradha M},
  title     = {A dynamic market mechanism for the integration of renewables and demand response},
  journal   = {IEEE Transactions on Control Systems Technology},
  year      = {2015},
  volume    = {24},
  number    = {3},
  pages     = {940--955},
  file      = {hansen2015dynamic.pdf:hansen2015dynamic.pdf:PDF},
  publisher = {IEEE},
}

@InProceedings{hara2011keynote,
  Title                    = {Keynote address {I}: Glocal control: Realization of global functions by local measurement and control},
  Author                   = {Hara, S},
  Booktitle                = {Asian Control Conference (ASCC), 2011 Proceedings of the 8th},
  Year                     = {2011},
  Organization             = {IEEE},
  Pages                    = {10--12},

  Timestamp                = {2015.01.24}
}

@InProceedings{hara2007stability,
  Title                    = {Stability analysis of linear systems with generalized frequency variables and its applications to formation control},
  Author                   = {Hara, Shinji and Hayakawa, Tomohisa and Sugata, Hikaru},
  Booktitle                = {Decision and Control (CDC), 2007 Proceedings of the 46th IEEE Conference on},
  Year                     = {2007},
  Organization             = {IEEE},
  Pages                    = {1459--1466},

  File                     = {hara2007stability.pdf:papers\\hara2007stability.pdf:PDF;hara2007stability.pdf:hara2007stability.pdf:PDF},
  Timestamp                = {2013.03.25}
}

@Conference{hara2015glocal,
  Title                    = {Glocal (Global/Local) Control Synthesis for Hierarchical Networked Systems},
  Author                   = {Hara, Shinji and Imura, Jun-ichi and Tsumura, Koji and Ishizaki, Takayuki and Sadamoto, Tomonori},
  Booktitle                = {Multi-Conference on Systems and Control (MSC), 2015 Proceedings of the IEEE},
  Pages                    = {107--112},
  Year                     = {2015},

  File                     = {hara2015glocal.pdf:hara2015glocal.pdf:PDF},
  Timestamp                = {2015.10.12}
}

@Article{hara2006robust,
  Title                    = {Robust {PID} control using generalized {KYP} synthesis: Direct open-loop shaping in multiple frequency ranges},
  Author                   = {Hara, Shinji and Iwasaki, Tetsuya and Shiokata, Daisuke},
  Journal                  = {Control Systems Magazine, IEEE},
  Pages                    = {80--91},
  Volume                   = {26},
  Year                     = {2006},
  Number                   = {1},

  File                     = {hara2006robust.pdf:papers\\hara2006robust.pdf:PDF;hara2006robust.pdf:hara2006robust.pdf:PDF},
  Publisher                = {IEEE},
  Timestamp                = {2013.03.27}
}

@InProceedings{hara2010H2,
  Title                    = {$\mathcal{H}_2$ and $\mathcal{H}_{\infty}$ norm computations for {LTI} systems with generalized frequency variables},
  Author                   = {Hara, Shinji and Iwasaki, Tetsuya and Tanaka, Hideaki},
  Booktitle                = {American Control Conference (ACC), 2010},
  Year                     = {2010},
  Organization             = {IEEE},
  Pages                    = {1862--1867},

  File                     = {hara2010H2.pdf:hara2010H2.pdf:PDF},
  Timestamp                = {2013.03.29}
}

@InProceedings{hara2010d,
  Title                    = {D-stability and robust stability conditions for {LTI} systems with generalized frequency variables},
  Author                   = {Hara, Shinji and Tanaka, Hideaki},
  Booktitle                = {Decision and Control (CDC), 2010 Proceedings of the 49th IEEE Conference on},
  Year                     = {2010},
  Organization             = {IEEE},
  Pages                    = {5738--5743},

  File                     = {hara2010d.pdf:hara2010d.pdf:PDF},
  Timestamp                = {2013.05.14}
}

@Article{hara2014stability,
  Title                    = {Stability analysis of systems with generalized frequency variables},
  Author                   = {Hara, Shinji and Tanaka, Hideaki and Iwasaki, Tetsuya},
  Journal                  = {Automatic Control, IEEE Transactions on},
  Pages                    = {313--326},
  Volume                   = {59},
  Year                     = {2014},
  Number                   = {2},

  File                     = {hara2014stability.pdf:hara2014stability.pdf:PDF},
  Publisher                = {IEEE},
  Timestamp                = {2015.04.04}
}

@Article{hayakawa1998theory,
  Title                    = {Theory of traffic jam in a one-lane model},
  Author                   = {Hayakawa, Hisao and Nakanishi, Ken},
  Journal                  = {Physical Review E},
  Pages                    = {3839},
  Volume                   = {57},
  Year                     = {1998},
  Number                   = {4},

  File                     = {hayakawa1998theory.pdf:hayakawa1998theory.pdf:PDF},
  Publisher                = {APS},
  Timestamp                = {2016.08.17}
}

@InProceedings{henriksson2009reduced,
  Title                    = {Reduced-order predictive outage compensators for networked systems},
  Author                   = {Henriksson, Erik and Sandberg, Henrik and Johansson, Karl Henrik},
  Booktitle                = {Decision and Control, held jointly with the 28th Chinese Control Conference (CDC-CCC), 2009 Proceedings of the 48th IEEE Conference on},
  Year                     = {2009},
  Organization             = {IEEE},
  Pages                    = {3775--3780},

  File                     = {henriksson2009reduced.pdf:henriksson2009reduced.pdf:PDF},
  Timestamp                = {2013.07.11}
}

@Article{hestenes1969multiplier,
  Title                    = {Multiplier and gradient methods},
  Author                   = {Hestenes, Magnus R},
  Journal                  = {Journal of optimization theory and applications},
  Pages                    = {303--320},
  Volume                   = {4},
  Year                     = {1969},
  Number                   = {5},

  File                     = {hestenes1969multiplier.pdf:hestenes1969multiplier.pdf:PDF},
  Publisher                = {Springer},
  Timestamp                = {2016.07.27}
}

@Article{higham2008modeling,
  Title                    = {Modeling and simulating chemical reactions},
  Author                   = {Higham, Desmond J},
  Journal                  = {SIAM review},
  Pages                    = {347--368},
  Volume                   = {50},
  Year                     = {2008},
  Number                   = {2},

  File                     = {higham2008modeling.pdf:higham2008modeling.pdf:PDF},
  Publisher                = {SIAM},
  Timestamp                = {2013.05.19}
}

@Article{moylan1978stability,
  Title                    = {Stability criteria for large-scale systems},
  Author                   = {Hill, David and Moylan, Peter},
  Journal                  = {Automatic Control, IEEE Transactions on},
  Pages                    = {143--149},
  Volume                   = {23},
  Year                     = {1978},
  Number                   = {2},

  File                     = {moylan1978stability.pdf:papers\\moylan1978stability.pdf:PDF;moylan1978stability.pdf:moylan1978stability.pdf:PDF},
  Publisher                = {IEEE},
  Timestamp                = {2013.03.25}
}

@Article{hill1976stability,
  Title                    = {The stability of nonlinear dissipative systems},
  Author                   = {Hill, David and Moylan, Peter},
  Journal                  = {Automatic Control, IEEE Transactions on},
  Pages                    = {708--711},
  Volume                   = {21},
  Year                     = {1976},
  Number                   = {5},

  File                     = {hill1976stability.pdf:hill1976stability.pdf:PDF},
  Publisher                = {IEEE},
  Timestamp                = {2015.09.24}
}

@Article{ho1972team,
  Title                    = {Team decision theory and information structures in optimal control problems--Part {I}},
  Author                   = {Ho, Yu-Chi and Chu, K'ai-Ching},
  Journal                  = {Automatic Control, IEEE Transactions on},
  Pages                    = {15--22},
  Volume                   = {17},
  Year                     = {1972},
  Number                   = {1},

  File                     = {ho1972team.pdf:papers\\ho1972team.pdf:PDF},
  Owner                    = {koike},
  Publisher                = {IEEE},
  Timestamp                = {2013.05.29}
}

@Article{honarvar2014distributed,
  Title                    = {Distributed Frequency Control of Prosumer-Based Electric Energy Systems},
  Author                   = {Honarvar Nazari, M and Costello, Zak and Feizollahi, Mohammad Javad and Grijalva, Santiago and Egerstedt, Magnus},
  Journal                  = {Power Systems, IEEE Transactions on},
  Year                     = {2014},

  File                     = {honarvar2014distributed.pdf:honarvar2014distributed.pdf:PDF},
  Publisher                = {IEEE},
  Timestamp                = {2014.09.19}
}

@Article{hori2011existence,
  Title                    = {Existence criteria of periodic oscillations in cyclic gene regulatory networks},
  Author                   = {Hori, Yutaka and Kim, Tae-Hyoung and Hara, Shinji},
  Journal                  = {Automatica},
  Pages                    = {1203--1209},
  Volume                   = {47},
  Year                     = {2011},
  Number                   = {6},

  File                     = {hori2011existence.pdf:hori2011existence.pdf:PDF},
  Publisher                = {Elsevier},
  Timestamp                = {2013.05.14}
}

@Book{horn1990topics,
  Title                    = {Topics in matrix analysis},
  Author                   = {Horn, Roger A and Johnson, Charles R},
  Publisher                = {Cambridge university press},
  Year                     = {1990},

  Timestamp                = {2013.03.25}
}

@Article{hu1992krylov,
  Title                    = {Krylov-subspace methods for the {Sylvester} equation},
  Author                   = {Hu, Dan Y and Reichel, Lothar},
  Journal                  = {Linear Algebra and its Applications},
  Pages                    = {283--313},
  Volume                   = {172},
  Year                     = {1992},

  File                     = {hu1992krylov.pdf:hu1992krylov.pdf:PDF},
  Publisher                = {Elsevier},
  Timestamp                = {2014.04.03}
}

@Article{ikeda1986overlapping,
  Title                    = {Overlapping decentralized control with input, state, and output inclusion},
  Author                   = {Ikeda, Masao and {\v{S}}iljak, Dragoslav D},
  Journal                  = {Control Theory and Advanced Technology},
  Pages                    = {155--172},
  Volume                   = {2},
  Year                     = {1986},
  Number                   = {2},

  File                     = {ikeda1986overlapping.pdf:papers\\ikeda1986overlapping.pdf:PDF},
  Owner                    = {koike},
  Timestamp                = {2013.06.04}
}

@Article{ikeda1985hierarchical,
  Title                    = {Hierarchical {L}iapunov functions},
  Author                   = {Ikeda, Masao and {\v{S}}iljak, Dragoslav D},
  Journal                  = {Journal of mathematical analysis and applications},
  Pages                    = {110--128},
  Volume                   = {112},
  Year                     = {1985},
  Number                   = {1},

  File                     = {ikeda1985hierarchical.pdf:ikeda1985hierarchical.pdf:PDF},
  Publisher                = {Elsevier},
  Timestamp                = {2013.03.29}
}

@Article{ikeda1981generalized,
  Title                    = {Generalized decompositions of dynamic systems and vector {L}yapunov functions},
  Author                   = {Ikeda, Masao and {\v{S}}iljak, Dragoslav D},
  Journal                  = {Automatic Control, IEEE Transactions on},
  Pages                    = {1118--1125},
  Volume                   = {26},
  Year                     = {1981},
  Number                   = {5},

  File                     = {ikeda1981generalized.pdf:ikeda1981generalized.pdf:PDF},
  Publisher                = {IEEE},
  Timestamp                = {2013.03.29}
}

@Article{ikeda1981decentralized,
  Title                    = {Decentralized control with overlapping information sets},
  Author                   = {Ikeda, Masao and {\v{S}}iljak, Dragoslav D and White, DE},
  Journal                  = {Journal of optimization theory and Applications},
  Pages                    = {279--310},
  Volume                   = {34},
  Year                     = {1981},
  Number                   = {2},

  File                     = {ikeda1981decentralized.pdf:papers\\ikeda1981decentralized.pdf:PDF},
  Owner                    = {koike},
  Publisher                = {Springer},
  Timestamp                = {2013.05.29}
}

@Article{ikeda1984inclusion,
  author    = {Ikeda, Masao and {\v{S}}iljak, Dragoslav D and White, David E},
  title     = {An inclusion principle for dynamic systems},
  journal   = {Automatic Control, IEEE Transactions on},
  year      = {1984},
  volume    = {29},
  number    = {3},
  pages     = {244--249},
  file      = {ikeda1984inclusion.pdf:ikeda1984inclusion.pdf:PDF},
  publisher = {IEEE},
  timestamp = {2015.10.24},
}

@Article{ionutiu2008passivity,
  Title                    = {Passivity-preserving model reduction using dominant spectral-zero interpolation},
  Author                   = {Ionutiu, Roxana and Rommes, Joost and Antoulas, Athanasios C},
  Journal                  = {Computer-Aided Design of Integrated Circuits and Systems, IEEE Transactions on},
  Pages                    = {2250--2263},
  Volume                   = {27},
  Year                     = {2008},
  Number                   = {12},

  File                     = {ionutiu2008passivity.pdf:papers\\ionutiu2008passivity.pdf:PDF;ionutiu2008passivity.pdf:ionutiu2008passivity.pdf:PDF},
  Publisher                = {IEEE},
  Timestamp                = {2013.03.25}
}

@Article{ishizaki2015clustered2,
  Title                    = {Clustered model reduction of interconnected second-order systems},
  Author                   = {Ishizaki, Takayuki and Imura, Jun-ichi},
  Journal                  = {Nonlinear Theory and Its Applications, IEICE},
  Pages                    = {26--37},
  Volume                   = {6},
  Year                     = {2015},
  Number                   = {1},

  File                     = {ishizaki2015clustered2.pdf:ishizaki2015clustered2.pdf:PDF},
  Publisher                = {The Institute of Electronics, Information and Communication Engineers},
  Timestamp                = {2015.05.13}
}

@Article{Ishizaki2015clustered,
  Title                    = {Clustered model reduction of positive directed networks},
  Author                   = {Ishizaki, Takayuki and Kashima, Kenji and Girard, Antoine and Imura, Jun-ichi and Chen, Luonan and Aihara, Kazuyuki},
  Journal                  = {Automatica},
  Pages                    = {238--247},
  Volume                   = {59},
  Year                     = {2015},

  File                     = {ishizaki2015clustered.pdf:ishizaki2015clustered.pdf:PDF},
  Publisher                = {Elsevier},
  Timestamp                = {2013.03.31}
}

@InProceedings{ishizaki2012clustering,
  author       = {Ishizaki, Takayuki and Kashima, Kenji and Girard, Antoine and Imura, Jun-ichi and Chen, Luonan and Aihara, Kazuyuki},
  title        = {Clustering-based $\mathcal{H}_2$-state aggregation of positive networks and its application to reduction of chemical master equations},
  booktitle    = {Decision and Control (CDC), 2012 Proceedings of the 51st IEEE Conference on},
  year         = {2012},
  pages        = {4175--4180},
  organization = {IEEE},
  file         = {ishizaki2012clustering.pdf:ishizaki2012clustering.pdf:PDF},
  timestamp    = {2013.03.31},
}

@InProceedings{ishizaki2010extraction,
  Title                    = {Extraction of 1-dimensional reaction-diffusion structure in {SISO} linear dynamical networks},
  Author                   = {Ishizaki, Takayuki and Kashima, Kenji and Imura, Jun-ichi},
  Booktitle                = {Decision and Control (CDC), 2010 Proceedings of the 49th IEEE Conference on},
  Year                     = {2010},
  Organization             = {IEEE},
  Pages                    = {5350--5355},

  File                     = {ishizaki2010extraction.pdf:papers\\ishizaki2010extraction.pdf:PDF;ishizaki2010extraction.pdf:ishizaki2010extraction.pdf:PDF},
  Timestamp                = {2013.03.25}
}

@Article{ishizaki2014model,
  Title                    = {Model reduction and clusterization of large-scale bidirectional networks},
  Author                   = {Ishizaki, Takayuki and Kashima, Kenji and Imura, Jun-ichi and Aihara, Kazuyuki},
  Journal                  = {Automatic Control, IEEE Transactions on},
  Pages                    = {48-63},
  Volume                   = {59},
  Year                     = {2014},
  Number                   = {1},

  File                     = {ishizaki2014model.pdf:ishizaki2014model.pdf:PDF},
  Publisher                = {IEEE},
  Timestamp                = {2014.01.06}
}

@InProceedings{ishizaki2012model,
  Title                    = {Model reduction of multi-input dynamical networks based on clusterwise controllability},
  Author                   = {Ishizaki, Takayuki and Kashima, Kenji and Imura, Jun-ichi and Aihara, Kazuyuki},
  Booktitle                = {American Control Conference (ACC), 2012},
  Year                     = {2012},
  Organization             = {IEEE},
  Pages                    = {2301--2306},

  File                     = {ishizaki2012model.pdf:papers\\ishizaki2012model.pdf:PDF;ishizaki2012model.pdf:ishizaki2012model.pdf:PDF},
  Timestamp                = {2013.03.25}
}

@InProceedings{ishizaki2011model,
  Title                    = {Model order reduction for {MIMO} linear dynamical networks via reaction-diffusion transformation},
  Author                   = {Ishizaki, Takayuki and Kashima, Kenji and Imura, Jun-ichi and Aihara, Kazuyuki},
  Booktitle                = {American Control Conference (ACC), 2011},
  Year                     = {2011},
  Organization             = {IEEE},
  Pages                    = {5019--5024},

  File                     = {ishizaki2011model.pdf:papers\\ishizaki2011model.pdf:PDF;ishizaki2011model.pdf:ishizaki2011model.pdf:PDF},
  Timestamp                = {2013.03.25}
}

@InProceedings{ishizaki2011reaction,
  Title                    = {Reaction-diffusion clustering of single-input dynamical networks},
  Author                   = {Ishizaki, Takayuki and Kashima, Kenji and Imura, Jun-ichi and Aihara, Kazuyuki},
  Booktitle                = {Decision and Control, held jointly with European Control Conference (CDC-ECC), 2011 Proceedings of the 50th IEEE Conference on},
  Year                     = {2011},
  Organization             = {IEEE},
  Pages                    = {7837--7842},

  File                     = {ishizaki2011reaction.pdf:papers\\ishizaki2011reaction.pdf:PDF;ishizaki2011reaction.pdf:ishizaki2011reaction.pdf:PDF},
  Timestamp                = {2013.03.25}
}

@InProceedings{ishizaki2015multiresolved,
  Title                    = {Multiresolved control of discrete-time linear systems based on redundant realization via {Wedderburn} rank reduction},
  Author                   = {Ishizaki, Takayuki and Koike, Masakazu and Kato, Takuro and Imura, Jun-ichi},
  Booktitle                = {Decision and Control (CDC), 2015 IEEE 54th Annual Conference on},
  Year                     = {2015},
  Organization             = {IEEE},
  Pages                    = {4866--4871},

  Timestamp                = {2016.02.23}
}

@Article{ishizaki2016interval,
  Title                    = {Interval quadratic programming for day-ahead dispatch of uncertain predicted demand},
  Author                   = {Ishizaki, Takayuki and Koike, Masakazu and Ramdani, Nacim and Yuzuru, Ueda and Masuta, Taisuke and Oozeki, Takashi and Sadamoto, Tomonori Imura, Jun-ichi},
  Journal                  = {Automatica},
  Pages                    = {163--173},
  Volume                   = {64},
  Year                     = {2016},
  Number                   = {2},

  File                     = {ishizaki2016interval.pdf:ishizaki2016interval.pdf:PDF},
  Publisher                = {Elsevier}
}

@InProceedings{ishizaki2014hierarchical,
  Title                    = {Hierarchical decentralized observers for networked linear systems},
  Author                   = {Ishizaki, Takayuki and Koike, Masakazu and Sadamoto, Tomonori and Imura, Jun-ichi},
  Booktitle                = {American Control Conference (ACC), 2014},
  Year                     = {2014},
  Organization             = {IEEE},
  Pages                    = {5718--5723},

  Timestamp                = {2015.12.08}
}

@Article{ishizaki2014hierarchicalEPJ,
  Title                    = {Hierarchical distributed stabilization of power networks},
  Author                   = {Ishizaki, Takayuki and Sadamoto, Tomonori and Imura, Jun-ichi},
  Journal                  = {The European Physical Journal Special Topics},
  Pages                    = {2461--2473},
  Volume                   = {223},
  Year                     = {2014},
  Number                   = {12},

  Publisher                = {Springer},
  Timestamp                = {2015.12.08}
}

@Article{ishizaki2016distributed,
  Title                    = {Distributed Design of Distributed Control Systems: A Compensation Principle for Controller Retrofit},
  Author                   = {Ishizaki, Takayuki and Sadamoto, Tomonori and Imura, Jun-ichi and Sandberg, Henrik and Johansson, Karl Henrik},
  Journal                  = {arXiv preprint arXiv:1611.04531},
  Year                     = {2016},

  Timestamp                = {2017.01.14}
}

@InProceedings{ishizaki2011hierarchical,
  Title                    = {Hierarchical decentralized observer design for linearly coupled network systems},
  Author                   = {Ishizaki, Takayuki and Sakai, Yukihiro and Kashima, Kenji and Imura, Jun-ichi},
  Booktitle                = {Decision and Control, held jointly with European Control Conference (CDC-ECC), 2011 Proceedings of the 50th IEEE Conference on},
  Year                     = {2011},
  Pages                    = {7831-7836},

  File                     = {ishizaki2011hierarchical.pdf:ishizaki2011hierarchical.pdf:PDF},
  Owner                    = {koike},
  Timestamp                = {2013.05.29}
}

@InProceedings{ishizaki2013singular,
  Title                    = {Singular Perturbation Approximation of Semistable Linear Systems},
  Author                   = {Ishizaki, Takayuki and Sandberg, Henrik and Johansson, Karl Henrik and Kashima, Kenji and Imura, Jun-ichi and Aihara, Kazuyuki},
  Booktitle                = {European Control Conference (ECC), 2013},
  Year                     = {2013},
  Pages                    = {5544-5549},

  File                     = {ishizaki2013singular.pdf:ishizaki2013singular.pdf:PDF},
  Timestamp                = {2013.03.25}
}

@InProceedings{ishizaki2013structured,
  Title                    = {Structured model reduction of interconnected linear systems based on singular perturbation},
  Author                   = {Ishizaki, Takayuki and Sandberg, Henrik and Johansson, Karl Henrik and Kashima, Kenji and Imura, Jun-ichi and Aihara, Kazuyuki},
  Booktitle                = {American Control Conference (ACC), 2013},
  Year                     = {2013},
  Organization             = {IEEE},
  Pages                    = {5544-5549},

  File                     = {ishizaki2013structured.pdf:ishizaki2013structured.pdf:PDF},
  Timestamp                = {2013.03.25}
}

@Article{ishizaki2015dissipativity,
  Title                    = {Dissipativity-preserving model reduction for large-scale distributed control systems},
  Author                   = {Ishizaki, Takayuki and Sandberg, Henrik and Kashima, Kenji and Imura, Jun-ichi and Aihara, Kazuyuki},
  Journal                  = {Automatic Control, IEEE Transactions on},
  Pages                    = {1023-1037},
  Volume                   = {60},
  Year                     = {2015},
  Number                   = {4},

  File                     = {ishizaki2015dissipativity.pdf:ishizaki2015dissipativity.pdf:PDF},
  Publisher                = {IEEE},
  Timestamp                = {2014.01.06}
}

@InProceedings{ishizaki2013dissipativity,
  Title                    = {Dissipativity-preserving model reduction based on generalized singular perturbation},
  Author                   = {Ishizaki, Takayuki and Sandberg, Henrik and Kashima, Kenji and Imura, Jun-ichi and Aihara, Kazuyuki},
  Booktitle                = {Decision and Control (CDC), 2013 IEEE 52nd Annual Conference on},
  Year                     = {2013},
  Organization             = {IEEE},
  Pages                    = {5540--5545},

  Timestamp                = {2015.09.01}
}

@Article{iwasaki2005generalized,
  Title                    = {Generalized {KYP} lemma: unified frequency domain inequalities with design applications},
  Author                   = {Iwasaki, Tetsuya and Hara, Shinji},
  Journal                  = {Automatic Control, IEEE Transactions on},
  Pages                    = {41--59},
  Volume                   = {50},
  Year                     = {2005},
  Number                   = {1},

  File                     = {iwasaki2005generalized.pdf:iwasaki2005generalized.pdf:PDF},
  Publisher                = {IEEE},
  Timestamp                = {2016.04.12}
}

@Article{iwasaki1994all,
  Title                    = {All controllers for the general $H_{\infty}$ control problem: LMI existence conditions and state space formulas},
  Author                   = {Iwasaki, Tetsuya and Skelton, Robert E},
  Journal                  = {Automatica},
  Pages                    = {1307--1317},
  Volume                   = {30},
  Year                     = {1994},
  Number                   = {8},

  File                     = {iwasaki1994all.pdf:iwasaki1994all.pdf:PDF},
  Publisher                = {Elsevier},
  Timestamp                = {2016.03.16}
}

@InProceedings{izumi2002improving,
  Title                    = {Improving transient with compensation law},
  Author                   = {Izumi, Tomonori and Kojima, Akira and Ishijima, Shintaro},
  Booktitle                = {Proceedings of the 15th IFAC World Congress},
  Year                     = {2002},
  Pages                    = {181--186},

  File                     = {izumi2002improving.pdf:izumi2002improving.pdf:PDF},
  Timestamp                = {2015.03.19}
}

@Article{jaimoukha1994krylov,
  Title                    = {Krylov subspace methods for solving large {Lyapunov} equations},
  Author                   = {Jaimoukha, Imad M and Kasenally, Ebrahim M},
  Journal                  = {SIAM Journal on Numerical Analysis},
  Pages                    = {227--251},
  Volume                   = {31},
  Year                     = {1994},
  Number                   = {1},

  File                     = {jaimoukha1994krylov.pdf:jaimoukha1994krylov.pdf:PDF},
  Publisher                = {SIAM},
  Timestamp                = {2014.01.29}
}

@Article{jarlebring2011characterizing,
  author    = {Jarlebring, Elias and Vanbiervliet, Joris and Michiels, Wim},
  title     = {{C}haracterizing and computing the $\mathcal{H}_2$ norm of time-delay systems by solving the delay {L}yapunov equation},
  journal   = {Automatic Control, IEEE Transactions on},
  year      = {2011},
  volume    = {56},
  number    = {4},
  pages     = {814--825},
  file      = {jarlebring2011characterizing.pdf:jarlebring2011characterizing.pdf:PDF},
  publisher = {Citeseer},
  timestamp = {2013.03.29},
}

@Book{jaulin2001applied,
  Title                    = {Applied interval analysis: with examples in parameter and state estimation, robust control and robotics},
  Author                   = {Jaulin, Luc},
  Publisher                = {Springer},
  Year                     = {2001},

  Owner                    = {koike},
  Timestamp                = {2013.09.05}
}

@Article{jbilou2006low,
  Title                    = {Low rank approximate solutions to large Sylvester matrix equations},
  Author                   = {Jbilou, Khalid},
  Journal                  = {Applied mathematics and computation},
  Pages                    = {365--376},
  Volume                   = {177},
  Year                     = {2006},
  Number                   = {1},

  File                     = {jbilou2006low.pdf:jbilou2006low.pdf:PDF},
  Publisher                = {Elsevier},
  Timestamp                = {2014.04.03}
}

@Article{jiang1997toward,
  Title                    = {Toward a globally robust decentralized control for large-scale power systems},
  Author                   = {Jiang, Haibo and Cai, Hongzhi and Dorsey, John F and Qu, Zhihua},
  Journal                  = {Control Systems Technology, IEEE Transactions on},
  Pages                    = {309--319},
  Volume                   = {5},
  Year                     = {1997},
  Number                   = {3},

  File                     = {jiang1997toward.pdf:jiang1997toward.pdf:PDF},
  Publisher                = {IEEE},
  Timestamp                = {2014.09.18}
}

@Article{johnson1982inverse,
  Title                    = {Inverse${M}$-matrices},
  Author                   = {Johnson, Charles R},
  Journal                  = {Linear Algebra and its Applications},
  Pages                    = {195--216},
  Volume                   = {47},
  Year                     = {1982},

  File                     = {johnson1982inverse.pdf:papers\\johnson1982inverse.pdf:PDF},
  Owner                    = {koike},
  Publisher                = {Elsevier},
  Timestamp                = {2013.09.05}
}

@InProceedings{julier1997new,
  Title                    = {A new extension of the {Kalman} filter to nonlinear systems},
  Author                   = {Julier, Simon J and Uhlmann, Jeffrey K},
  Booktitle                = {International symposium on aerospace/defense sensing, simulations and controls},
  Year                     = {1997},
  Number                   = {26},
  Organization             = {Orlando, FL},
  Pages                    = {3--2},
  Volume                   = {3},

  File                     = {julier1997new.pdf:papers\\julier1997new.pdf:PDF},
  Timestamp                = {2014.12.11}
}

@Article{kashima2016noise,
  Title                    = {Noise Response Data Reveal Novel Controllability Gramian for Nonlinear Network Dynamics.},
  Author                   = {Kashima, K},
  Journal                  = {Scientific reports},
  Pages                    = {27300},
  Volume                   = {6},
  Year                     = {2016},

  File                     = {kashima2016noise.pdf:kashima2016noise.pdf:PDF},
  Timestamp                = {2016.09.26}
}

@Book{kaszkurewicz2000matrix,
  Title                    = {Matrix diagonal stability in systems and computation},
  Author                   = {Kaszkurewicz, Eugenius and Bhaya, Amit and Bhaya, A and Kaszkurewicz, E},
  Publisher                = {Springer},
  Year                     = {2000},

  Timestamp                = {2014.04.04}
}

@Article{kempker2014lq,
  author    = {Kempker, Pia L and Andr{\'e}, C M Ran and Schuppen, Jan H van},
  journal   = {Automatic Control, IEEE Transactions on},
  title     = {{LQ} control for coordinated linear systems},
  year      = {2014},
  number    = {4},
  pages     = {851--862},
  volume    = {59},
  file      = {kempker2014lq.pdf:kempker2014lq.pdf:PDF},
  publisher = {IEEE},
  timestamp = {2013.03.25},
}

@Article{khalil1982on,
  Title                    = {On the existence of positive diagonal ${P}$ such that ${PA + A^{T}P < 0}$},
  Author                   = {Khalil, Hassan K},
  Journal                  = {Automatic Control, IEEE Transactions on},
  Pages                    = {181-184},
  Volume                   = {27},
  Year                     = {1982},
  Number                   = {1},

  File                     = {khalil1982on.pdf:papers\\khalil1982on.pdf:PDF;khalil1982on.pdf:khalil1982on.pdf:PDF},
  Timestamp                = {2013.03.26}
}

@Book{khalil1996nonlinear,
  Title                    = {Nonlinear systems},
  Author                   = {Khalil, Hassan K and Grizzle, JW},
  Publisher                = {Prentice hall New Jersey},
  Year                     = {1996},
  Volume                   = {3},

  Timestamp                = {2013.03.25}
}

@Article{kim2012cyber,
  Title                    = {Cyber--physical systems: a perspective at the centennial},
  Author                   = {Kim, Kyoung-Dae and Kumar, PR},
  Journal                  = {Proceedings of the IEEE},
  Pages                    = {1287--1308},
  Volume                   = {100},
  Year                     = {2012},
  Number                   = {13},

  File                     = {kim2012cyber.pdf:kim2012cyber.pdf:PDF},
  Publisher                = {IEEE},
  Timestamp                = {2014.01.29}
}

@Article{kim1995error,
  Title                    = {Error bound for transfer function order reduction using freqeuncy weighted balanced truncation},
  Author                   = {Kim, Sang Woo and Anderson, Brian and Madievski, Anton G},
  Journal                  = {Systems \& Control Letters},
  Pages                    = {183--192},
  Volume                   = {24},
  Year                     = {1995},
  Number                   = {3},

  File                     = {kim1995error.pdf:kim1995error.pdf:PDF},
  Publisher                = {Elsevier},
  Timestamp                = {2013.05.02}
}

@Article{kimura1981minimal,
  Title                    = {Minimal-time minimal-order deadbeat regulator with internal stability},
  Author                   = {Kimura, Hidenori and Tanaka, Y},
  Journal                  = {Automatic Control, IEEE Transactions on},
  Pages                    = {1276--1282},
  Volume                   = {26},
  Year                     = {1981},
  Number                   = {6},

  File                     = {kimura1981minimal.pdf:kimura1981minimal.pdf:PDF},
  Publisher                = {IEEE},
  Timestamp                = {2015.01.03}
}

@Article{kitano2002systems,
  Title                    = {Systems biology: a brief overview},
  Author                   = {Kitano, Hiroaki},
  Journal                  = {Science},
  Pages                    = {1662--1664},
  Volume                   = {295},
  Year                     = {2002},
  Number                   = {5560},

  File                     = {kitano2002systems.pdf:kitano2002systems.pdf:PDF},
  Publisher                = {American Association for the Advancement of Science},
  Timestamp                = {2015.01.28}
}

@Article{knockaert2005note,
  Title                    = {A note on strict passivity},
  Author                   = {Knockaert, Luc},
  Journal                  = {Systems \& Control Letters},
  Pages                    = {865--869},
  Volume                   = {54},
  Year                     = {2005},
  Number                   = {9},

  File                     = {knockaert2005note.pdf:papers\\knockaert2005note.pdf:PDF;knockaert2005note.pdf:knockaert2005note.pdf:PDF},
  Publisher                = {Elsevier},
  Timestamp                = {2013.03.25}
}

@Book{kokotovic1987singular,
  Title                    = {Singular perturbation methods in control: analysis and design},
  Author                   = {Kokotovi{\'c}, Petar and Khali, Hassan K and O'reilly, John},
  Publisher                = {Society for Industrial Mathematics},
  Year                     = {1987},
  Volume                   = {25},

  File                     = {kokotovic1987singular.pdf:papers\\kokotovic1987singular.pdf:PDF;kokotovic1987singular.pdf:kokotovic1987singular.pdf:PDF},
  Timestamp                = {2013.03.25}
}

@Article{kokotovic1972singular,
  Title                    = {Singular perturbation of linear regulators: basic theorems},
  Author                   = {Kokotovi{\'c}, Petar and Yackel, Richard},
  Journal                  = {Automatic Control, IEEE Transactions on},
  Pages                    = {29--37},
  Volume                   = {17},
  Year                     = {1972},
  Number                   = {1},

  File                     = {kokotovic1972singular.pdf:papers\\kokotovic1972singular.pdf:PDF;kokotovic1972singular.pdf:kokotovic1972singular.pdf:PDF},
  Publisher                = {IEEE},
  Timestamp                = {2013.03.25}
}

@InProceedings{lili2011new,
  Title                    = {New approaches for ${H}_{\infty}$ performance preserving controller reduction},
  Author                   = {Lili Kong and Kemin Zhou},
  Booktitle                = {Decision and Control, held jointly with European Control Conference (CDC-ECC), 2011 Proceedings of the 50th IEEE Conference on},
  Year                     = {2011},
  Pages                    = {7771-7776},

  File                     = {lili2011new.pdf:papers\\lili2011new.pdf:PDF;lili2011new.pdf:lili2011new.pdf:PDF},
  ISSN                     = {0743-1546},
  Timestamp                = {2013.03.25}
}

@InProceedings{kottenstette2010relationships,
  Title                    = {Relationships between positive real, passive dissipative, \& positive systems},
  Author                   = {Kottenstette, Nicholas and Antsaklis, Panos J},
  Booktitle                = {American Control Conference (ACC), 2010},
  Year                     = {2010},
  Organization             = {IEEE},
  Pages                    = {409--416},

  File                     = {kottenstette2010relationships.pdf:kottenstette2010relationships.pdf:PDF},
  Timestamp                = {2013.03.29}
}

@InProceedings{kottenstette2008wireless,
  Title                    = {Wireless control of passive systems subject to actuator constraints},
  Author                   = {Kottenstette, Nicholas and Antsaklis, Panos J},
  Booktitle                = {Decision and Control (CDC), 2008 Proceedings of the 47th IEEE Conference on},
  Year                     = {2008},
  Organization             = {IEEE},
  Pages                    = {2979--2984},

  File                     = {kottenstette2008wireless.pdf:kottenstette2008wireless.pdf:PDF},
  Timestamp                = {2015.09.16}
}

@Book{kundur1994power,
  Title                    = {Power system stability and control},
  Author                   = {Kundur, Prabha},
  Publisher                = {Tata McGraw-Hill Education},
  Year                     = {1994},

  Owner                    = {koike},
  Timestamp                = {2013.05.29}
}

@Article{lall2003structure,
  Title                    = {Structure-preserving model reduction for mechanical systems},
  Author                   = {Lall, Sanjay and Krysl, Petr and Marsden, Jerrold E},
  Journal                  = {Physica D: Nonlinear Phenomena},
  Pages                    = {304--318},
  Volume                   = {184},
  Year                     = {2003},
  Number                   = {1},

  File                     = {lall2003structure.pdf:papers\\lall2003structure.pdf:PDF;lall2003structure.pdf:lall2003structure.pdf:PDF},
  Publisher                = {Elsevier},
  Timestamp                = {2013.03.25}
}

@Article{langbort2004distributed,
  Title                    = {Distributed control design for systems interconnected over an arbitrary graph},
  Author                   = {Langbort, C{\'e}dric and Chandra, Ramu Sharat and D'Andrea, Raffaello},
  Journal                  = {Automatic Control, IEEE Transactions on},
  Pages                    = {1502--1519},
  Volume                   = {49},
  Year                     = {2004},
  Number                   = {9},

  File                     = {langbort2004distributed.pdf:langbort2004distributed.pdf:PDF},
  Owner                    = {koike},
  Publisher                = {IEEE},
  Timestamp                = {2013.05.29}
}

@Article{langbort2010distributed,
  Title                    = {Distributed design methods for linear quadratic control and their limitations},
  Author                   = {Langbort, C{\'e}dric and Delvenne, J},
  Journal                  = {Automatic Control, IEEE Transactions on},
  Pages                    = {2085--2093},
  Volume                   = {55},
  Year                     = {2010},
  Number                   = {9},

  File                     = {langbort2010distributed.pdf:langbort2010distributed.pdf:PDF},
  Publisher                = {IEEE},
  Timestamp                = {2014.01.14}
}

@Article{larsen2001passivation,
  Title                    = {On passivation with dynamic output feedback},
  Author                   = {Larsen, Michael and Kokotovi{\'c}, Petar},
  Journal                  = {Automatic Control, IEEE Transactions on},
  Pages                    = {962--967},
  Volume                   = {46},
  Year                     = {2001},
  Number                   = {6},

  File                     = {larsen2001passivation.pdf:papers\\larsen2001passivation.pdf:PDF},
  Publisher                = {IEEE},
  Timestamp                = {2013.03.29}
}

@InProceedings{le2012differentially,
  Title                    = {Differentially private Kalman filtering},
  Author                   = {Le Ny, Jerome and Pappas, George J},
  Booktitle                = {Communication, Control, and Computing (Allerton), 2012 50th Annual Allerton Conference on},
  Year                     = {2012},
  Organization             = {IEEE},
  Pages                    = {1618--1625}
}

@Article{leang1987stability,
  Title                    = {Stability of the second-order matrix polynomial},
  Author                   = {Leang Shieh, S and Mehio, Mohamad and Hani Dib, M},
  Journal                  = {Automatic Control, IEEE Transactions on},
  Pages                    = {231--233},
  Volume                   = {32},
  Year                     = {1987},
  Number                   = {3},

  File                     = {leang1987stability.pdf:leang1987stability.pdf:PDF},
  Publisher                = {IEEE},
  Timestamp                = {2014.04.22}
}

@Article{li2005structured,
  Title                    = {Structured coprime factor model reduction based on {LMI}s},
  Author                   = {Li, Li and Paganini, Fernando},
  Journal                  = {Automatica},
  Pages                    = {145--151},
  Volume                   = {41},
  Year                     = {2005},
  Number                   = {1},

  File                     = {li2005structured.pdf:li2005structured.pdf:PDF},
  Publisher                = {Elsevier},
  Timestamp                = {2014.01.23}
}

@Article{li2016connecting,
  Title                    = {Connecting automatic generation control and economic dispatch from an optimization view},
  Author                   = {Li, Na and Chen, Lijun and Zhao, Changhong and Low, Steven H},
  Journal                  = {Control of Network Systems, IEEE Transactions on},
  Pages                    = {xxx--xxx},
  Year                     = {2016},

  File                     = {li2016connecting.pdf:li2016connecting.pdf:PDF},
  Organization             = {IEEE}
}

@Article{li2011positivity,
  Title                    = {Positivity-preserving {$H_{\infty}$} model reduction for positive systems},
  Author                   = {Li, Ping and Lam, James and Wang, Zidong and Date, Paresh},
  Journal                  = {Automatica},
  Pages                    = {1504--1511},
  Volume                   = {47},
  Year                     = {2011},
  Number                   = {7},

  File                     = {li2011positivity.pdf:li2011positivity.pdf:PDF},
  Publisher                = {Elsevier},
  Timestamp                = {2014.01.29}
}

@Article{lin1974structural,
  Title                    = {Structural controllability},
  Author                   = {Lin, Ching Tai},
  Journal                  = {Automatic Control, IEEE Transactions on},
  Pages                    = {201--208},
  Volume                   = {19},
  Year                     = {1974},
  Number                   = {3},

  File                     = {lin1974structural.pdf:lin1974structural.pdf:PDF},
  Publisher                = {IEEE},
  Timestamp                = {2016.01.07}
}

@InProceedings{lin1990model,
  Title                    = {Model reduction via frequency weighted balanced realization},
  Author                   = {Lin, Ching-An and Chiu, Tai-Yih},
  Booktitle                = {American Control Conference (ACC), 1990},
  Year                     = {1990},
  Organization             = {IEEE},
  Pages                    = {2069--2070},

  File                     = {lin1990model.pdf:lin1990model.pdf:PDF},
  Timestamp                = {2013.04.24}
}

@Article{liu1989singular,
  Title                    = {Singular perturbation approximation of balanced systems},
  Author                   = {Liu, Yi and Anderson, Brian DO},
  Journal                  = {International Journal of Control},
  Pages                    = {1379--1405},
  Volume                   = {50},
  Year                     = {1989},
  Number                   = {4},

  File                     = {liu1989singular.pdf:papers\\liu1989singular.pdf:PDF;liu1989singular.pdf:liu1989singular.pdf:PDF},
  Publisher                = {Taylor \& Francis},
  Timestamp                = {2013.03.25}
}

@Article{liu2013observability,
  Title                    = {Observability of complex systems},
  Author                   = {Liu, Yang-Yu and Slotine, Jean-Jacques and Barab{\'a}si, Albert-L{\'a}szl{\'o}},
  Journal                  = {Proceedings of the National Academy of Sciences},
  Pages                    = {2460--2465},
  Volume                   = {110},
  Year                     = {2013},
  Number                   = {7},

  File                     = {liu2013observability.pdf:liu2013observability.pdf:PDF},
  Publisher                = {National Acad Sciences},
  Timestamp                = {2016.07.12}
}

@Article{liu2011controllability,
  Title                    = {Controllability of complex networks},
  Author                   = {Liu, Yang-Yu and Slotine, Jean-Jacques and Barab{\'a}si, Albert-L{\'a}szl{\'o}},
  Journal                  = {Nature},
  Pages                    = {167--173},
  Volume                   = {473},
  Year                     = {2011},
  Number                   = {7346},

  File                     = {liu2011controllability.pdf:papers\\liu2011controllability.pdf:PDF;liu2011controllability.pdf:liu2011controllability.pdf:PDF},
  Publisher                = {Nature Publishing Group},
  Timestamp                = {2013.03.25}
}

@InProceedings{lozano1988design,
  Title                    = {On the design of the dissipative {LQG}-type controllers},
  Author                   = {Lozano-Leal, R and Joshi, SM},
  Booktitle                = {Decision and Control (CDC), 1988 Proceedings of the 27th IEEE Conference on},
  Year                     = {1988},
  Organization             = {IEEE},
  Pages                    = {1645--1646},

  File                     = {lozano1988design.pdf:papers\\lozano1988design.pdf:PDF;lozano1988design.pdf:lozano1988design.pdf:PDF},
  Timestamp                = {2013.03.25}
}

@Article{luc1994generalized,
  Title                    = {On generalized convex nonsmooth functions},
  Author                   = {Luc, Dinh The},
  Journal                  = {Bulletin of the Australian Mathematical Society},
  Pages                    = {139--149},
  Volume                   = {49},
  Year                     = {1994},
  Number                   = {1},

  File                     = {luc1994generalized.pdf:luc1994generalized.pdf:PDF},
  Publisher                = {AUSTRALIAN MATHEMATICS PUBL ASSOC INC MATHEMATICS DEPT AUSTRALIAN NATIONAL UNIV, CANBERRA ACT 0200, AUSTRALIA},
  Timestamp                = {2016.09.28}
}

@Article{luk1980quadratic,
  Title                    = {Quadratic programming with ${M}$-Matrices},
  Author                   = {Luk, Franklin T and Pagano, Marcello},
  Journal                  = {Linear Algebra and Its Applications},
  Pages                    = {15--40},
  Volume                   = {33},
  Year                     = {1980},

  File                     = {luk1980quadratic.pdf:papers\\luk1980quadratic.pdf:PDF},
  Owner                    = {koike},
  Publisher                = {Elsevier},
  Timestamp                = {2013.09.05}
}

@Article{macarthur2009spectral,
  Title                    = {Spectral characteristics of network redundancy},
  Author                   = {MacArthur, Ben D and S{\'a}nchez-Garc{\'\i}a, Rub{\'e}n J},
  Journal                  = {Physical Review E},
  Pages                    = {026117},
  Volume                   = {80},
  Year                     = {2009},
  Number                   = {2},

  File                     = {macarthur2009spectral.pdf:macarthur2009spectral.pdf:PDF},
  Publisher                = {APS},
  Timestamp                = {2016.01.19}
}

@Article{macarthur2008symmetry,
  Title                    = {Symmetry in complex networks},
  Author                   = {MacArthur, Ben D and S{\'a}nchez-Garc{\'\i}a, Rub{\'e}n J and Anderson, James W},
  Journal                  = {Discrete Applied Mathematics},
  Pages                    = {3525--3531},
  Volume                   = {156},
  Year                     = {2008},
  Number                   = {18},

  File                     = {macarthur2008symmetry.pdf:macarthur2008symmetry.pdf:PDF},
  Publisher                = {Elsevier},
  Timestamp                = {2016.02.25}
}

@Article{malloci2010stability,
  Title                    = {Stability and stabilization of two time scale switched systems in discrete time},
  Author                   = {Malloci, Ivan and Daafouz, Jamal and Iung, Claude},
  Journal                  = {Automatic Control, IEEE Transactions on},
  Pages                    = {1434--1438},
  Volume                   = {55},
  Year                     = {2010},
  Number                   = {6},

  File                     = {malloci2010stability.pdf:malloci2010stability.pdf:PDF},
  Publisher                = {IEEE},
  Timestamp                = {2015.03.02}
}

@InProceedings{martini2008controllability,
  Title                    = {Controllability decompositions of networked systems through quotient graphs},
  Author                   = {Martini, Simone and Egerstedt, Magnus and Bicchi, Antonio},
  Booktitle                = {Decision and Control (CDC), 2008 Proceedings of the 47th IEEE Conference on},
  Year                     = {2008},
  Organization             = {IEEE},
  Pages                    = {5244--5249},

  File                     = {martini2008controllability.pdf:martini2008controllability.pdf:PDF},
  Timestamp                = {2016.02.26}
}

@Article{masubuchi1997h,
  Title                    = {${H}_{\infty}$ control for descriptor systems: A matrix inequalities approach},
  Author                   = {Masubuchi, Izumi and Kamitane, Yoshiyuki and Ohara, Atsumi and Suda, Nobuhide},
  Journal                  = {Automatica},
  Pages                    = {669--673},
  Volume                   = {33},
  Year                     = {1997},
  Number                   = {4},

  File                     = {masubuchi1997h.pdf:masubuchi1997h.pdf:PDF},
  Publisher                = {Elsevier},
  Timestamp                = {2014.06.22}
}

@Book{mesbahi2010graph,
  Title                    = {Graph theoretic methods in multiagent networks},
  Author                   = {Mesbahi, Mehran and Egerstedt, Magnus},
  Publisher                = {Princeton University Press},
  Year                     = {2010},

  Timestamp                = {2013.03.25}
}

@Article{milo2002network,
  Title                    = {Network motifs: simple building blocks of complex networks},
  Author                   = {Milo, Ron and Shen-Orr, Shai and Itzkovitz, Shalev and Kashtan, Nadav and Chklovskii, Dmitri and Alon, Uri},
  Journal                  = {Science},
  Pages                    = {824--827},
  Volume                   = {298},
  Year                     = {2002},
  Number                   = {5594},

  File                     = {milo2002network.pdf:milo2002network.pdf:PDF},
  Publisher                = {American Association for the Advancement of Science},
  Timestamp                = {2016.01.10}
}

@InProceedings{monshizadeh2014structure,
  Title                    = {Structure-preserving model reduction of physical network systems by clustering},
  Author                   = {Monshizadeh, Nima and van der Schaft, Arjan},
  Booktitle                = {Decision and Control (CDC), 2014 IEEE 53rd Annual Conference on},
  Year                     = {2014},
  Organization             = {IEEE},
  Pages                    = {4434--4440},

  File                     = {monshizadeh2014structure.pdf:monshizadeh2014structure.pdf:PDF},
  Timestamp                = {2015.09.24}
}

@Article{monshizadeh2014projection,
  Title                    = {Projection-based model reduction of multi-agent systems using graph partitions},
  Author                   = {Monshizadeh, Nima and Trentelman, Harry L and Camlibel, M Kanat},
  Journal                  = {Control of Network Systems, IEEE Transactions on},
  Pages                    = {145--154},
  Volume                   = {1},
  Year                     = {2014},
  Number                   = {2},

  File                     = {monshizadeh2014projection.pdf:monshizadeh2014projection.pdf:PDF},
  Publisher                = {IEEE}
}

@Article{monshizadeh2013stability,
  Title                    = {Stability and synchronization preserving model reduction of multi-agent systems},
  Author                   = {Monshizadeh, Nima and Trentelman, Harry L and Kanat Camlibel, M},
  Journal                  = {Systems \& Control Letters},
  Pages                    = {1--10},
  Volume                   = {62},
  Year                     = {2013},
  Number                   = {1},

  File                     = {monshizadeh2013stability.pdf:monshizadeh2013stability.pdf:PDF},
  Publisher                = {Elsevier},
  Timestamp                = {2014.04.02}
}

@Book{monticelli1999state,
  Title                    = {State estimation in electric power systems: a generalized approach},
  Author                   = {Monticelli, Alcir},
  Publisher                = {Springer},
  Year                     = {1999},
  Volume                   = {507},

  Owner                    = {koike},
  Timestamp                = {2013.05.29}
}

@Article{moore1981principal,
  Title                    = {Principal component analysis in linear systems: Controllability, observability, and model reduction},
  Author                   = {Moore, Bruce},
  Journal                  = {Automatic Control, IEEE Transactions on},
  Pages                    = {17--32},
  Volume                   = {26},
  Year                     = {1981},
  Number                   = {1},

  File                     = {moore1981principal.pdf:papers\\moore1981principal.pdf:PDF;moore1981principal.pdf:moore1981principal.pdf:PDF},
  Publisher                = {IEEE},
  Timestamp                = {2013.03.25}
}

@Article{motee2008optimal,
  Title                    = {Optimal control of spatially distributed systems},
  Author                   = {Motee, Nader and Jadbabaie, Ali},
  Journal                  = {Automatic Control, IEEE Transactions on},
  Pages                    = {1616--1629},
  Volume                   = {53},
  Year                     = {2008},
  Number                   = {7},

  File                     = {motee2008optimal.pdf:motee2008optimal.pdf:PDF},
  Publisher                = {IEEE},
  Timestamp                = {2014.01.14}
}

@Article{munsky2008finite,
  Title                    = {The finite state projection approach for the analysis of stochastic noise in gene networks},
  Author                   = {Munsky, Brian and Khammash, Mustafa},
  Journal                  = {Automatic Control, IEEE Transactions on},
  Pages                    = {201--214},
  Volume                   = {53},
  Year                     = {2008},
  Number                   = {Special Issue},

  File                     = {munsky2008finite.pdf:papers\\munsky2008finite.pdf:PDF;munsky2008finite.pdf:munsky2008finite.pdf:PDF},
  Publisher                = {IEEE},
  Timestamp                = {2013.03.25}
}

@Article{muscato2000parametric,
  Title                    = {Parametric generalized singular perturbation approximation for model order reduction},
  Author                   = {Muscato, Giovanni},
  Journal                  = {Automatic Control, IEEE Transactions on},
  Pages                    = {339--343},
  Volume                   = {45},
  Year                     = {2000},
  Number                   = {2},

  File                     = {muscato2000parametric.pdf:muscato2000parametric.pdf:PDF},
  Publisher                = {IEEE},
  Timestamp                = {2015.11.10}
}

@Article{muscato1995sigma,
  Title                    = {On the $\sigma$-reciprocal system for model order reduction},
  Author                   = {Muscato, G and Nunnari, Giuseppe},
  Journal                  = {Mathematical Modelling of Systems},
  Pages                    = {261--271},
  Volume                   = {1},
  Year                     = {1995},
  Number                   = {4},

  File                     = {muscato1995sigma.pdf:muscato1995sigma.pdf:PDF},
  Publisher                = {Taylor \& Francis},
  Timestamp                = {2013.03.29}
}

@Article{narendra2010hurwitz,
  Title                    = {Hurwitz stability of {Metzler} matrices},
  Author                   = {Narendra, Kumpati S and Shorten, Robert},
  Journal                  = {Automatic Control, IEEE Transactions on},
  Pages                    = {1484--1487},
  Volume                   = {55},
  Year                     = {2010},
  Number                   = {6},

  File                     = {narendra2010hurwitz.pdf:papers\\narendra2010hurwitz.pdf:PDF;narendra2010hurwitz.pdf:narendra2010hurwitz.pdf:PDF},
  Publisher                = {IEEE},
  Timestamp                = {2013.03.25}
}

@Book{newman2009networks,
  Title                    = {Networks: an introduction},
  Author                   = {Newman, Mark},
  Publisher                = {Oxford University Press},
  Year                     = {2009},

  Timestamp                = {2014.01.29}
}

@Book{noble1988applied,
  Title                    = {Applied linear algebra},
  Author                   = {Noble, Ben and Daniel, James W},
  Publisher                = {Prentice-Hall New Jersey},
  Year                     = {1988},
  Volume                   = {3},

  Timestamp                = {2016.02.01}
}

@Book{obinata2001model,
  Title                    = {Model reduction for control system design},
  Author                   = {Obinata, Goro and Anderson, Brian DO},
  Publisher                = {Springer London},
  Year                     = {2001},

  Timestamp                = {2014.02.03}
}

@Article{ohta1986decentralized,
  author    = {Ohta, Yuzo and {\v{S}}iljak, DD and Matsumoto, Tadashi},
  title     = {Decentralized control using quasi-block diagonal dominance of transfer function matrices},
  journal   = {Automatic Control, IEEE Transactions on},
  year      = {1986},
  volume    = {31},
  number    = {5},
  pages     = {420--430},
  file      = {ohta1986decentralized.pdf:ohta1986decentralized.pdf:PDF},
  publisher = {IEEE},
  timestamp = {2014.09.30},
}

@InProceedings{olfati2007distributed,
  Title                    = {Distributed {K}alman filtering for sensor networks},
  Author                   = {Olfati-Saber, Reza},
  Booktitle                = {Decision and Control (CDC), 2007 Proceedings of the 46th IEEE Conference on},
  Year                     = {2007},
  Organization             = {IEEE},
  Pages                    = {5492--5498},

  File                     = {olfati2007distributed.pdf:olfati2007distributed.pdf:PDF},
  Owner                    = {koike},
  Timestamp                = {2013.05.29}
}

@Article{olfati2006flocking,
  Title                    = {Flocking for multi-agent dynamic systems: Algorithms and theory},
  Author                   = {Olfati-Saber, Reza},
  Journal                  = {Automatic Control, IEEE Transactions on},
  Pages                    = {401--420},
  Volume                   = {51},
  Year                     = {2006},
  Number                   = {3},

  File                     = {olfati2006flocking.pdf:olfati2006flocking.pdf:PDF},
  Publisher                = {IEEE},
  Timestamp                = {2016.04.13}
}

@Article{opdenacker1988contraction,
  Title                    = {A contraction mapping preserving balanced reduction scheme and its infinity norm error bounds},
  Author                   = {Opdenacker, Philippe C and Jonckheere, Edmond A},
  Journal                  = {Circuits and Systems, IEEE Transactions on},
  Pages                    = {184--189},
  Volume                   = {35},
  Year                     = {1988},
  Number                   = {2},

  File                     = {opdenacker1988contraction.pdf:opdenacker1988contraction.pdf:PDF},
  Publisher                = {IEEE},
  Timestamp                = {2013.03.29}
}

@Article{ortega2005transient,
  Title                    = {Transient stabilization of multimachine power systems with nontrivial transfer conductances},
  Author                   = {Ortega, Romeo and Galaz, Martha and Astolfi, Alessandro and Sun, Yuanzhang and Shen, Tielong},
  Journal                  = {Automatic Control, IEEE Transactions on},
  Pages                    = {60--75},
  Volume                   = {50},
  Year                     = {2005},
  Number                   = {1},

  File                     = {ortega2005transient.pdf:ortega2005transient.pdf:PDF},
  Publisher                = {IEEE},
  Timestamp                = {2014.11.15}
}

@Article{ozguner1979near,
  Title                    = {Near-optimal control of composite systems: The multi time-scale approach},
  Author                   = {Ozguner, Umit},
  Journal                  = {Automatic Control, IEEE Transactions on},
  Pages                    = {652--655},
  Volume                   = {24},
  Year                     = {1979},
  Number                   = {4},

  File                     = {ozguner1979near.pdf:ozguner1979near.pdf:PDF},
  Publisher                = {IEEE},
  Timestamp                = {2015.01.24}
}

@Article{padhi2009account,
  Title                    = {An account of chronological developments in control of distributed parameter systems},
  Author                   = {Padhi, Radhakant and Ali, Sk Faruque},
  Journal                  = {Annual Reviews in Control},
  Pages                    = {59--68},
  Volume                   = {33},
  Year                     = {2009},
  Number                   = {1},

  File                     = {padhi2009account.pdf:papers\\padhi2009account.pdf:PDF;padhi2009account.pdf:padhi2009account.pdf:PDF},
  Publisher                = {Elsevier},
  Timestamp                = {2013.03.25}
}

@InProceedings{papachristodoulou2010structured,
  Title                    = {Structured model reduction for dynamical networked systems},
  Author                   = {Papachristodoulou, Antonis and Chang, Yo-Cheng and August, Elias and Anderson, James},
  Booktitle                = {Decision and Control (CDC), 2010 Proceedings of the 49th IEEE Conference on},
  Year                     = {2010},
  Organization             = {IEEE},
  Pages                    = {2670--2675},

  File                     = {papachristodoulou2010structured.pdf:papachristodoulou2010structured.pdf:PDF},
  Timestamp                = {2014.02.03}
}

@Article{papadimitriou1986intractable,
  Title                    = {Intractable problems in control theory},
  Author                   = {Papadimitriou, Christos H and Tsitsiklis, John},
  Journal                  = {SIAM journal on control and optimization},
  Pages                    = {639--654},
  Volume                   = {24},
  Year                     = {1986},
  Number                   = {4},

  File                     = {papadimitriou1986intractable.pdf:papadimitriou1986intractable.pdf:PDF},
  Publisher                = {SIAM},
  Timestamp                = {2015.12.04}
}

@Article{pappas2000hierarchically,
  Title                    = {Hierarchically consistent control systems},
  Author                   = {Pappas, George J and Lafferriere, Gerardo and Sastry, Shankar},
  Journal                  = {Automatic Control, IEEE Transactions on},
  Pages                    = {1144--1160},
  Volume                   = {45},
  Year                     = {2000},
  Number                   = {6},

  File                     = {pappas2000hierarchically.pdf:pappas2000hierarchically.pdf:PDF},
  Publisher                = {IEEE},
  Timestamp                = {2015.03.26}
}

@Article{pauca2006nonnegative,
  Title                    = {Nonnegative matrix factorization for spectral data analysis},
  Author                   = {Pauca, V Paul and Piper, Jon and Plemmons, Robert J},
  Journal                  = {Linear Algebra and Its Applications},
  Pages                    = {29--47},
  Volume                   = {416},
  Year                     = {2006},
  Number                   = {1},

  File                     = {pauca2006nonnegative.pdf:pauca2006nonnegative.pdf:PDF},
  Publisher                = {Elsevier},
  Timestamp                = {2013.08.08}
}

@Article{pavlov2008incremental,
  Title                    = {Incremental passivity and output regulation},
  Author                   = {Pavlov, Alexey and Marconi, Lorenzo},
  Journal                  = {Systems \& Control Letters},
  Pages                    = {400--409},
  Volume                   = {57},
  Year                     = {2008},
  Number                   = {5},

  File                     = {pavlov2008incremental.pdf:pavlov2008incremental.pdf:PDF},
  Publisher                = {Elsevier},
  Timestamp                = {2016.03.10}
}

@Article{pecora1998master,
  Title                    = {Master stability functions for synchronized coupled systems},
  Author                   = {Pecora, Louis M and Carroll, Thomas L},
  Journal                  = {Physical Review Letters},
  Pages                    = {2109},
  Volume                   = {80},
  Year                     = {1998},
  Number                   = {10},

  File                     = {pecora1998master.pdf:pecora1998master.pdf:PDF},
  Publisher                = {APS},
  Timestamp                = {2015.09.04}
}

@Article{pillai2005perron,
  Title                    = {The {Perron-Frobenius} theorem: some of its applications},
  Author                   = {Pillai, SU and Suel, Torsten and Cha, Seunghun},
  Journal                  = {Signal Processing Magazine, IEEE},
  Pages                    = {62--75},
  Volume                   = {22},
  Year                     = {2005},
  Number                   = {2},

  File                     = {pillai2005perron.pdf:papers\\pillai2005perron.pdf:PDF;pillai2005perron.pdf:pillai2005perron.pdf:PDF},
  Publisher                = {IEEE},
  Timestamp                = {2013.03.25}
}

@Article{pogromsky2002partial,
  Title                    = {Partial synchronization: from symmetry towards stability},
  Author                   = {Pogromsky, Alexander and Santoboni, Giovanni and Nijmeijer, Henk},
  Journal                  = {Physica D: Nonlinear Phenomena},
  Pages                    = {65--87},
  Volume                   = {172},
  Year                     = {2002},
  Number                   = {1},

  File                     = {pogromsky2002partial.pdf:pogromsky2002partial.pdf:PDF},
  Publisher                = {Elsevier},
  Timestamp                = {2016.01.12}
}

@Article{polyuga2011structure,
  Title                    = {Structure preserving moment matching for port-{H}amiltonian systems: {Arnoldi and Lanczos}},
  Author                   = {Polyuga, Rostyslav V and van der Schaft, Arjan},
  Journal                  = {Automatic Control, IEEE Transactions on},
  Pages                    = {1458--1462},
  Volume                   = {56},
  Year                     = {2011},
  Number                   = {6},

  File                     = {polyuga2011structure.pdf:papers\\polyuga2011structure.pdf:PDF;polyuga2011structure.pdf:polyuga2011structure.pdf:PDF},
  Publisher                = {IEEE},
  Timestamp                = {2013.03.25}
}

@Article{polyuga2010structure,
  Title                    = {Structure preserving model reduction of port-{H}amiltonian systems by moment matching at infinity},
  Author                   = {Polyuga, Rostyslav V and van der Schaft, Arjan},
  Journal                  = {Automatica},
  Pages                    = {665--672},
  Volume                   = {46},
  Year                     = {2010},
  Number                   = {4},

  File                     = {polyuga2010structure.pdf:papers\\polyuga2010structure.pdf:PDF;polyuga2010structure.pdf:polyuga2010structure.pdf:PDF},
  Publisher                = {Elsevier},
  Timestamp                = {2013.03.25}
}

@Article{rahmani2009controllability,
  Title                    = {Controllability of multi-agent systems from a graph-theoretic perspective},
  Author                   = {Rahmani, Amirreza and Ji, Meng and Mesbahi, Mehran and Egerstedt, Magnus},
  Journal                  = {SIAM Journal on Control and Optimization},
  Pages                    = {162--186},
  Volume                   = {48},
  Year                     = {2009},
  Number                   = {1},

  File                     = {rahmani2009controllability.pdf:rahmani2009controllability.pdf:PDF},
  Publisher                = {SIAM},
  Timestamp                = {2016.02.26}
}

@InProceedings{rantzer2011distributed,
  Title                    = {Distributed control of positive systems},
  Author                   = {Rantzer, Anders},
  Booktitle                = {Decision and Control, held jointly with European Control Conference (CDC-ECC), 2011 Proceedings of the 50th IEEE Conference on},
  Year                     = {2011},
  Organization             = {IEEE},
  Pages                    = {6608--6611},

  File                     = {rantzer2011distributed.pdf:papers\\rantzer2011distributed.pdf:PDF;rantzer2011distributed.pdf:rantzer2011distributed.pdf:PDF},
  Timestamp                = {2013.03.25}
}

@InProceedings{rantzer2009dynamic,
  Title                    = {Dynamic dual decomposition for distributed control},
  Author                   = {Rantzer, Anders},
  Booktitle                = {American Control Conference (ACC), 2009},
  Year                     = {2009},
  Organization             = {IEEE},
  Pages                    = {884--888},

  File                     = {rantzer2009dynamic.pdf:rantzer2009dynamic.pdf:PDF},
  Timestamp                = {2015.12.07}
}

@Article{reis2011lyapunov,
  Title                    = {Lyapunov balancing for passivity-preserving model reduction of {RC} circuits},
  Author                   = {Reis, Timo and Stykel, Tatjana},
  Journal                  = {SIAM Journal on Applied Dynamical Systems},
  Pages                    = {1--34},
  Volume                   = {10},
  Year                     = {2011},
  Number                   = {1},

  File                     = {reis2011lyapunov.pdf:reis2011lyapunov.pdf:PDF},
  Publisher                = {SIAM},
  Timestamp                = {2014.01.29}
}

@Article{reis2009positivity,
  Title                    = {Positivity preserving balanced truncation for descriptor systems},
  Author                   = {Reis, Timo and Virnik, Elena},
  Journal                  = {SIAM Journal on Control and Optimization},
  Pages                    = {2600--2619},
  Volume                   = {48},
  Year                     = {2009},
  Number                   = {4},

  File                     = {reis2009positivity.pdf:reis2009positivity.pdf:PDF},
  Publisher                = {SIAM},
  Timestamp                = {2014.05.16}
}

@Article{rice2011distributed,
  Title                    = {Distributed control in multiple dimensions: A structure preserving computational technique},
  Author                   = {Rice, Justin K and Verhaegen, Michel},
  Journal                  = {Automatic Control, IEEE Transactions on},
  Pages                    = {516--530},
  Volume                   = {56},
  Year                     = {2011},
  Number                   = {3},

  File                     = {rice2011distributed.pdf:rice2011distributed.pdf:PDF},
  Publisher                = {IEEE},
  Timestamp                = {2014.01.14}
}

@Article{rice2009distributed,
  Title                    = {Distributed control: A sequentially semi-separable approach for spatially heterogeneous linear systems},
  Author                   = {Rice, Justin K and Verhaegen, Michel},
  Journal                  = {Automatic Control, IEEE Transactions on},
  Pages                    = {1270--1283},
  Volume                   = {54},
  Year                     = {2009},
  Number                   = {6},

  File                     = {rice2009distributed.pdf:rice2009distributed.pdf:PDF},
  Publisher                = {IEEE},
  Timestamp                = {2014.01.14}
}

@Article{rockafellar1976monotone,
  Title                    = {Monotone operators and the proximal point algorithm},
  Author                   = {Rockafellar, R Tyrrell},
  Journal                  = {SIAM journal on control and optimization},
  Pages                    = {877--898},
  Volume                   = {14},
  Year                     = {1976},
  Number                   = {5},

  File                     = {rockafellar1976monotone.pdf:rockafellar1976monotone.pdf:PDF},
  Publisher                = {SIAM},
  Timestamp                = {2016.07.27}
}

@Book{rockafellar1970convex,
  Title                    = {Convex analysis},
  Author                   = {Rockafellar, Ralph Tyrell},
  Publisher                = {Princeton university press},
  Year                     = {1970},

  File                     = {rockafellar1970convex.pdf:rockafellar1970convex.pdf:PDF},
  Timestamp                = {2015.07.30}
}

@Article{rotkowitz2006characterization,
  Title                    = {A characterization of convex problems in decentralized control},
  Author                   = {Rotkowitz, Michael and Lall, Sanjay},
  Journal                  = {Automatic Control, IEEE Transactions on},
  Pages                    = {274--286},
  Volume                   = {51},
  Year                     = {2006},
  Number                   = {2},

  File                     = {rotkowitz2006characterization.pdf:papers\\rotkowitz2006characterization.pdf:PDF},
  Owner                    = {koike},
  Publisher                = {IEEE},
  Timestamp                = {2013.05.29}
}

@InProceedings{sadamoto2014hierarchical,
  Title                    = {Hierarchical distributed control for networked linear systems},
  Author                   = {Sadamoto, Tomonori and Ishizaki, Takayuki and Imura, Jun-ichi},
  Booktitle                = {Decision and Control (CDC), 2014 IEEE 53rd Annual Conference on},
  Year                     = {2014},
  Organization             = {IEEE},
  Pages                    = {2447--2452},

  Timestamp                = {2014.01.07}
}

@InProceedings{sadamoto2016retrofitting,
  author       = {Sadamoto, Tomonori and Ishizaki, Takayuki and Imura, Jun-ichi and Sandberg, Henrik and Johansson, Karl H.},
  title        = {Retrofitting state feedback control of networked nonlinear systems based on hierarchical expansion},
  booktitle    = {Decision and Control (CDC), 2016 IEEE 55th Annual Conference on},
  year         = {2016},
  pages        = {3432-3437},
  organization = {IEEE},
  timestamp    = {2014.01.07},
}

@Article{sakamoto1996gamma,
  Title                    = {$\gamma$-passive system and its phase property and synthesis},
  Author                   = {Sakamoto, Noboru and Suzuki, Masayuki},
  Journal                  = {Automatic Control, IEEE Transactions on},
  Pages                    = {859--865},
  Volume                   = {41},
  Year                     = {1996},
  Number                   = {6},

  File                     = {sakamoto1996gamma.pdf:sakamoto1996gamma.pdf:PDF},
  Publisher                = {IEEE},
  Timestamp                = {2013.03.29}
}

@InProceedings{samar2003model,
  Title                    = {Model reduction of heterogeneous distributed systems},
  Author                   = {Samar, Sikandar and Beck, Carolyn},
  Booktitle                = {Decision and Control (CDC), 2003 Proceedings of the 42nd IEEE Conference on},
  Year                     = {2003},
  Organization             = {IEEE},
  Pages                    = {5271--5276},
  Volume                   = {5},

  File                     = {samar2003model.pdf:samar2003model.pdf:PDF},
  Timestamp                = {2014.10.09}
}

@Article{sandberg2009model,
  Title                    = {Model reduction of interconnected linear systems},
  Author                   = {Sandberg, Henrik and Murray, Richard M},
  Journal                  = {Optimal Control Applications and Methods},
  Pages                    = {225--245},
  Volume                   = {30},
  Year                     = {2009},
  Number                   = {3},

  File                     = {sandberg2009model.pdf:papers\\sandberg2009model.pdf:PDF;sandberg2009model.pdf:sandberg2009model.pdf:PDF},
  Publisher                = {Wiley Online Library},
  Timestamp                = {2013.03.25}
}

@Article{sandberg2004balanced,
  Title                    = {Balanced truncation of linear time-varying systems},
  Author                   = {Sandberg, Henrik and Rantzer, Anders},
  Journal                  = {Automatic Control, IEEE Transactions on},
  Pages                    = {217--229},
  Volume                   = {49},
  Year                     = {2004},
  Number                   = {2},

  File                     = {sandberg2004balanced.pdf:sandberg2004balanced.pdf:PDF},
  Publisher                = {IEEE},
  Timestamp                = {2014.09.01}
}

@Article{sandell1978survey,
  Title                    = {Survey of decentralized control methods for large scale systems},
  Author                   = {Sandell Jr, Nils and Varaiya, Pravin and Athans, Michael and Safonov, Michael},
  Journal                  = {Automatic Control, IEEE Transactions on},
  Pages                    = {108--128},
  Volume                   = {23},
  Year                     = {1978},
  Number                   = {2},

  File                     = {sandell1978survey.pdf:sandell1978survey.pdf:PDF},
  Publisher                = {IEEE},
  Timestamp                = {2014.01.21}
}

@Article{sanders1978specific,
  Title                    = {Specific structures for large-scale state estimation algorithms having information exchange},
  Author                   = {Sanders, C and Tacker, E and Linton, T and Ling, R},
  Journal                  = {Automatic Control, IEEE Transactions on},
  Pages                    = {255--261},
  Volume                   = {23},
  Year                     = {1978},
  Number                   = {2},

  File                     = {sanders1978specific.pdf:sanders1978specific.pdf:PDF},
  Publisher                = {IEEE},
  Timestamp                = {2013.05.02}
}

@Article{sassi2012computation,
  Title                    = {Computation of polytopic invariants for polynomial dynamical systems using linear programming},
  Author                   = {Sassi, Mohamed Amin Ben and Girard, Antoine},
  Journal                  = {Automatica},
  Pages                    = {3114--3121},
  Volume                   = {48},
  Year                     = {2012},
  Number                   = {12},

  File                     = {sassi2012computation.pdf:sassi2012computation.pdf:PDF},
  Publisher                = {Elsevier},
  Timestamp                = {2015.04.12}
}

@Article{scattolini2009architectures,
  Title                    = {Architectures for distributed and hierarchical model predictive control--a review},
  Author                   = {Scattolini, Riccardo},
  Journal                  = {Journal of Process Control},
  Pages                    = {723--731},
  Volume                   = {19},
  Year                     = {2009},
  Number                   = {5},

  File                     = {scattolini2009architectures.pdf:scattolini2009architectures.pdf:PDF},
  Publisher                = {Elsevier},
  Timestamp                = {2014.01.21}
}

@InProceedings{van2014model,
  Title                    = {On model reduction of physical network systems},
  Author                   = {van der Schaft, AJ},
  Booktitle                = {Proceedings of the 21st International Symposium of Mathematical Theory of Networks and Systems (MTNS)},
  Year                     = {2014},

  File                     = {van2014model.pdf:van2014model.pdf:PDF},
  Timestamp                = {2015.09.24}
}

@Article{van2008balancing,
  Title                    = {Balancing of lossless and passive systems},
  Author                   = {van der Schaft, Arjan},
  Journal                  = {Automatic Control, IEEE Transactions on},
  Pages                    = {2153--2157},
  Volume                   = {53},
  Year                     = {2008},
  Number                   = {9},

  File                     = {van2008balancing.pdf:van2008balancing.pdf:PDF},
  Publisher                = {IEEE},
  Timestamp                = {2013.03.29}
}

@Book{van2014port,
  Title                    = {Port-Hamiltonian Systems Theory: An Introductory Overview},
  Author                   = {van der Schaft, Arjan and Jeltsema, Dimitri},
  Publisher                = {Now Publishers Incorporated},
  Year                     = {2014},

  File                     = {van2014port.pdf:van2014port.pdf:PDF},
  Timestamp                = {2015.08.20}
}

@InProceedings{van2009structure,
  Title                    = {Structure-preserving model reduction of complex physical systems},
  Author                   = {van der Schaft, Arjan and Polyuga, RV},
  Booktitle                = {Decision and Control, held jointly with the 28th Chinese Control Conference (CDC-CCC), 2009 Proceedings of the 48th IEEE Conference on},
  Year                     = {2009},
  Organization             = {IEEE},
  Pages                    = {4322--4327},

  File                     = {van2009structure.pdf:papers\\van2009structure.pdf:PDF;van2009structure.pdf:van2009structure.pdf:PDF},
  Timestamp                = {2013.03.25}
}

@Article{scherpen2011balanced,
  Title                    = {Balanced model reduction of gradient systems},
  Author                   = {Scherpen, JMA and van der Schaft, Arjan J},
  Journal                  = {IFAC Proceedings Volumes},
  Pages                    = {12745--12750},
  Volume                   = {44},
  Year                     = {2011},
  Number                   = {1},

  File                     = {scherpen2011balanced.pdf:scherpen2011balanced.pdf:PDF},
  Publisher                = {Elsevier},
  Timestamp                = {2016.08.31}
}

@Article{semsar2009multi,
  Title                    = {Multi-agent team cooperation: A game theory approach},
  Author                   = {Semsar-Kazerooni, Elham and Khorasani, Khashayar},
  Journal                  = {Automatica},
  Pages                    = {2205--2213},
  Volume                   = {45},
  Year                     = {2009},
  Number                   = {10},

  File                     = {semsar2009multi.pdf:semsar2009multi.pdf:PDF},
  Publisher                = {Elsevier},
  Timestamp                = {2015.04.24}
}

@InProceedings{shafai2008model,
  Title                    = {Model reduction for Metzlerian systems},
  Author                   = {Shafai, Bahram and Ghadami, Rasoul},
  Booktitle                = {Decision and Control (CDC), 2008 Proceedings of the 47th IEEE Conference on},
  Year                     = {2008},
  Organization             = {IEEE},
  Pages                    = {1833--1838},

  File                     = {shafai2008model.pdf:shafai2008model.pdf:PDF},
  Timestamp                = {2014.05.15}
}

@Article{shames2011distributed,
  Title                    = {Distributed fault detection for interconnected second-order systems},
  Author                   = {Shames, Iman and Teixeira, Andr{\'e} MH and Sandberg, Henrik and Johansson, Karl H},
  Journal                  = {Automatica},
  Pages                    = {2757--2764},
  Volume                   = {47},
  Year                     = {2011},
  Number                   = {12},

  File                     = {shames2011distributed.pdf:papers\\shames2011distributed.pdf:PDF},
  Publisher                = {Elsevier},
  Timestamp                = {2014.03.05}
}

@Article{shields1975structural,
  Title                    = {Structural controllability of multi-input linear systems},
  Author                   = {Shields, Robert W and Pearson, J Boyd},
  Year                     = {1975},

  File                     = {shields1975structural.pdf:shields1975structural.pdf:PDF},
  Timestamp                = {2016.01.07}
}

@Article{shiltz2016integrated,
  author    = {Shiltz, Dylan J and Cvetkovi{\'c}, Milo{\v{s}} and Annaswamy, Anuradha M},
  title     = {An integrated dynamic market mechanism for real-time markets and frequency regulation},
  journal   = {Sustainable Energy, IEEE Transactions on},
  year      = {2016},
  volume    = {7},
  number    = {2},
  pages     = {875--885},
  file      = {shiltz2016integrated.pdf:shiltz2016integrated.pdf:PDF},
  publisher = {IEEE},
  timestamp = {2016.07.28},
}

@Article{siljak2002robust,
  author    = {{\v{S}}iljak, Dragoslav D and Stipanovic, Dusan M and Zecevic, Aleksandar I},
  title     = {Robust decentralized turbine/governor control using linear matrix inequalities},
  journal   = {Power Systems, IEEE Transactions on},
  year      = {2002},
  volume    = {17},
  number    = {3},
  pages     = {715--722},
  file      = {siljak2002robust.pdf:siljak2002robust.pdf:PDF},
  timestamp = {2014.09.18},
}

@Article{sinopoli2003distributed,
  Title                    = {Distributed control applications within sensor networks},
  Author                   = {Sinopoli, Bruno and Sharp, Cory and Schenato, Luca and Schaffert, Shawn and Sastry, S Shankar},
  Journal                  = {Proceedings of the IEEE},
  Pages                    = {1235--1246},
  Volume                   = {91},
  Year                     = {2003},
  Number                   = {8},

  File                     = {sinopoli2003distributed.pdf:sinopoli2003distributed.pdf:PDF},
  Publisher                = {IEEE},
  Timestamp                = {2014.01.29}
}

@Book{skogestad2007multivariable,
  Title                    = {Multivariable feedback control: analysis and design},
  Author                   = {Skogestad, Sigurd and Postlethwaite, Ian},
  Publisher                = {Wiley},
  Year                     = {2007},
  Volume                   = {2},

  File                     = {skogestad2007multivariable.pdf:papers\\skogestad2007multivariable.pdf:PDF;skogestad2007multivariable.pdf:skogestad2007multivariable.pdf:PDF},
  Timestamp                = {2013.03.25}
}

@InProceedings{sootla2012scalable,
  Title                    = {Scalable positivity preserving model reduction using linear energy functions},
  Author                   = {Sootla, Aivar and Rantzer, Anders},
  Booktitle                = {Decision and Control (CDC), 2012 Proceedings of the 51st IEEE Conference on},
  Year                     = {2012},
  Organization             = {IEEE},
  Pages                    = {4285--4290},

  File                     = {sootla2012scalable.pdf:sootla2012scalable.pdf:PDF},
  Timestamp                = {2014.01.29}
}

@Article{sorensen2005passivity,
  Title                    = {Passivity preserving model reduction via interpolation of spectral zeros},
  Author                   = {Sorensen, Danny C},
  Journal                  = {Systems \& Control Letters},
  Pages                    = {347--360},
  Volume                   = {54},
  Year                     = {2005},
  Number                   = {4},

  File                     = {sorensen2005passivity.pdf:papers\\sorensen2005passivity.pdf:PDF;sorensen2005passivity.pdf:sorensen2005passivity.pdf:PDF},
  Publisher                = {Elsevier},
  Timestamp                = {2013.03.25}
}

@Article{sou2012controller,
  Title                    = {Controller reduction via minimum rank matrix approximation},
  Author                   = {Sou, Kin Cheong and Rantzer, Anders},
  Journal                  = {Automatica},
  Pages                    = {1069--1076},
  Volume                   = {48},
  Year                     = {2012},

  File                     = {sou2012controller.pdf:sou2012controller.pdf:PDF},
  Publisher                = {Elsevier},
  Timestamp                = {2013.03.29}
}

@Article{srinivasan1997model,
  Title                    = {Model reduction of systems with zeros interlacing the poles},
  Author                   = {Srinivasan, Bala and Myszkorowski, Piotr},
  Journal                  = {Systems \& Control Letters},
  Pages                    = {19--24},
  Volume                   = {30},
  Year                     = {1997},
  Number                   = {1},

  File                     = {srinivasan1997model.pdf:papers\\srinivasan1997model.pdf:PDF;srinivasan1997model.pdf:srinivasan1997model.pdf:PDF},
  Publisher                = {Elsevier},
  Timestamp                = {2013.03.25}
}

@Article{stan2007analysis,
  Title                    = {Analysis of interconnected oscillators by dissipativity theory},
  Author                   = {Stan, Guy-Bart and Sepulchre, Rodolphe},
  Journal                  = {Automatic Control, IEEE Transactions on},
  Pages                    = {256--270},
  Volume                   = {52},
  Year                     = {2007},
  Number                   = {2},

  File                     = {stan2007analysis.pdf:stan2007analysis.pdf:PDF},
  Publisher                = {IEEE},
  Timestamp                = {2015.10.12}
}

@Article{stankovic2008stabilization,
  Title                    = {Stabilization of fixed modes in expansions of {LTI} systems},
  Author                   = {Stankovi{\'c}, Srdjan S and {\v{S}}iljak, Dragoslav D},
  Journal                  = {Systems \& Control Letters},
  Pages                    = {365--370},
  Volume                   = {57},
  Year                     = {2008},
  Number                   = {4},

  File                     = {stankovic2008stabilization.pdf:stankovic2008stabilization.pdf:PDF},
  Publisher                = {Elsevier},
  Timestamp                = {2013.04.22}
}

@Article{stankovic2001contractibility,
  Title                    = {Contractibility of overlapping decentralized control},
  Author                   = {Stankovi{\'c}, Srdjan S and {\v{S}}iljak, Dragoslav D},
  Journal                  = {Systems \& Control Letters},
  Pages                    = {189--200},
  Volume                   = {44},
  Year                     = {2001},
  Number                   = {3},

  File                     = {stankovic2001contractibility.pdf:stankovic2001contractibility.pdf:PDF},
  Publisher                = {Elsevier},
  Timestamp                = {2013.04.22}
}

@Article{stankovic2000decentralized,
  Title                    = {Decentralized overlapping control of a platoon of vehicles},
  Author                   = {Stankovi{\'c}, Srdjan S and Stanojevi{\'c}, Milorad J and {\v{S}}iljak, Dragoslav D},
  Journal                  = {Control Systems Technology, IEEE Transactions on},
  Pages                    = {816--832},
  Volume                   = {8},
  Year                     = {2000},
  Number                   = {5},

  File                     = {stankovic2000decentralized.pdf:stankovic2000decentralized.pdf:PDF},
  Publisher                = {IEEE},
  Timestamp                = {2013.05.26}
}

@Article{stipanovic2004decentralized,
  Title                    = {Decentralized overlapping control of a formation of unmanned aerial vehicles},
  Author                   = {Stipanovi{\'c}, Du{\v{s}}an M and Inalhan, G{\"o}khan and Teo, Rodney and Tomlin, Claire J},
  Journal                  = {Automatica},
  Pages                    = {1285--1296},
  Volume                   = {40},
  Year                     = {2004},
  Number                   = {8},

  File                     = {stipanovic2004decentralized.pdf:papers\\stipanovic2004decentralized.pdf:PDF},
  Owner                    = {koike},
  Publisher                = {Elsevier},
  Timestamp                = {2013.05.29}
}

@Article{strogatz2001exploring,
  Title                    = {Exploring complex networks},
  Author                   = {Strogatz, Steven H},
  Journal                  = {Nature},
  Pages                    = {268--276},
  Volume                   = {410},
  Year                     = {2001},
  Number                   = {6825},

  File                     = {strogatz2001exploring.pdf:papers\\strogatz2001exploring.pdf:PDF;strogatz2001exploring.pdf:strogatz2001exploring.pdf:PDF},
  Publisher                = {Nature Publishing Group},
  Timestamp                = {2013.03.25}
}

@Article{summers2016submodularity,
  author    = {Summers, Tyler and Cortesi, Fabrizio and Lygeros, John},
  title     = {On submodularity and controllability in complex dynamical networks},
  journal   = {Control of Network Systems, IEEE Transactions on},
  year      = {2016},
  month     = {mar},
  file      = {summers2016submodularity.pdf:summers2016submodularity.pdf:PDF},
  publisher = {IEEE},
  timestamp = {2016.06.06},
}

@Article{sun1994solution,
  Title                    = {Solution to the positive real control problem for linear time-invariant systems},
  Author                   = {Sun, Weiqian and Khargonekar, Pramod P and Shim, Duksun},
  Journal                  = {Automatic Control, IEEE Transactions on},
  Pages                    = {2034--2046},
  Volume                   = {39},
  Year                     = {1994},
  Number                   = {10},

  File                     = {sun1994solution.pdf:papers\\sun1994solution.pdf:PDF;sun1994solution.pdf:sun1994solution.pdf:PDF},
  Publisher                = {IEEE},
  Timestamp                = {2013.03.25}
}

@Article{syrmos1997static,
  Title                    = {Static output feedback --a survey},
  Author                   = {Syrmos, Vassilis L and Abdallah, Chaouki T and Dorato, Peter and Grigoriadis, Karolos},
  Journal                  = {Automatica},
  Pages                    = {125--137},
  Volume                   = {33},
  Year                     = {1997},
  Number                   = {2},

  File                     = {syrmos1997static.pdf:syrmos1997static.pdf:PDF},
  Publisher                = {Elsevier},
  Timestamp                = {2015.04.23}
}

@Article{sztipanovits2012toward,
  Title                    = {Toward a science of cyber--physical system integration},
  Author                   = {Sztipanovits, Janos and Koutsoukos, Xenofon and Karsai, Gabor and Kottenstette, Nicholas and Antsaklis, Panos and Gupta, Vijay and Goodwine, Bill and Baras, John and Wang, Shige},
  Journal                  = {Proceedings of the IEEE},
  Pages                    = {29--44},
  Volume                   = {100},
  Year                     = {2012},
  Number                   = {1},

  File                     = {sztipanovits2012toward.pdf:papers\\sztipanovits2012toward.pdf:PDF;sztipanovits2012toward.pdf:sztipanovits2012toward.pdf:PDF},
  Publisher                = {IEEE},
  Timestamp                = {2013.03.25}
}

@Article{tondel2003algorithm,
  Title                    = {An algorithm for multi-parametric quadratic programming and explicit MPC solutions},
  Author                   = {T{\o}Ndel, Petter and Johansen, Tor Arne and Bemporad, Alberto},
  Journal                  = {Automatica},
  Pages                    = {489--497},
  Volume                   = {39},
  Year                     = {2003},
  Number                   = {3},

  File                     = {tondel2003algorithm.pdf:tondel2003algorithm.pdf:PDF},
  Publisher                = {Elsevier},
  Timestamp                = {2014.10.28}
}

@Article{tabuada2014towards,
  Title                    = {Towards Robustness for Cyber-Physical Systems},
  Author                   = {Tabuada, Paulo and Caliskan, Sina Yamac and Rungger, Matthias and Majumdar, Rupak},
  Journal                  = {Automatic Control, IEEE Transactions on},
  Pages                    = {3151--3163},
  Volume                   = {59},
  Year                     = {2014},
  Number                   = {12},

  File                     = {tabuada2014towards.pdf:tabuada2014towards.pdf:PDF},
  Publisher                = {IEEE},
  Timestamp                = {2015.02.28}
}

@Article{tanaka2012dynamical,
  Title                    = {Dynamical robustness in complex networks: the crucial role of low-degree nodes},
  Author                   = {Tanaka, Gouhei and Morino, Kai and Aihara, Kazuyuki},
  Journal                  = {Scientific reports},
  Volume                   = {2},
  Year                     = {2012},

  File                     = {tanaka2012dynamical.pdf:tanaka2012dynamical.pdf:PDF},
  Publisher                = {Nature Publishing Group},
  Timestamp                = {2014.04.28}
}

@InProceedings{tanaka2009lmi,
  Title                    = {{LMI} stability condition for linear systems with generalized frequency variables},
  Author                   = {Tanaka, Hideaki and Hara, Shinji and Iwasaki, Tetsuya},
  Booktitle                = {Asian Control Conference (ASCC), 2009 Proceedings of the 7th},
  Year                     = {2009},
  Organization             = {IEEE},
  Pages                    = {136--141},

  File                     = {tanaka2009lmi.pdf:tanaka2009lmi.pdf:PDF},
  Timestamp                = {2013.05.14}
}

@Article{tanaka2011bounded,
  Title                    = {The bounded real lemma for internally positive systems and H-infinity structured static state feedback},
  Author                   = {Tanaka, Takashi and Langbort, C{\'e}dric},
  Journal                  = {Automatic Control, IEEE Transactions on},
  Pages                    = {2218--2223},
  Volume                   = {56},
  Year                     = {2011},
  Number                   = {9},

  File                     = {tanaka2011bounded.pdf:tanaka2011bounded.pdf:PDF},
  Publisher                = {Institute of Electrical and Electronics Engineers},
  Timestamp                = {2014.10.01}
}

@InProceedings{tanaka2014optimal,
  Title                    = {Optimal output feedback architecture for triangular {LQG} problems},
  Author                   = {Tanaka, Takashi and Parrilo, Pablo A},
  Booktitle                = {American Control Conference (ACC), 2014},
  Year                     = {2014},
  Organization             = {IEEE},
  Pages                    = {5730--5735},

  File                     = {tanaka2014optimal.pdf:tanaka2014optimal.pdf:PDF}
}

@InProceedings{teixeira2010networked,
  Title                    = {Networked control systems under cyber attacks with applications to power networks},
  Author                   = {Teixeira, Andr{\'e} and Sandberg, Henrik and Johansson, Karl H},
  Booktitle                = {American Control Conference (ACC), 2010},
  Year                     = {2010},
  Organization             = {IEEE},
  Pages                    = {3690--3696},

  File                     = {teixeira2010networked.pdf:teixeira2010networked.pdf:PDF},
  Timestamp                = {2014.01.29}
}

@Article{treiber2013traffic,
  Title                    = {Traffic flow dynamics},
  Author                   = {Treiber, Martin and Kesting, Arne},
  Journal                  = {Traffic Flow Dynamics: Data, Models and Simulation, Springer-Verlag Berlin Heidelberg},
  Year                     = {2013},

  File                     = {treiber2013traffic.pdf:papers\\treiber2013traffic.pdf:PDF},
  Publisher                = {Springer},
  Timestamp                = {2016.07.14}
}

@Article{trentelman2013robust,
  Title                    = {Robust Synchronization of Uncertain Linear Multi-Agent Systems},
  Author                   = {Trentelman, HL and Takaba, K and Monshizadeh, N},
  Journal                  = {Automatic Control, IEEE Transactions on},
  Pages                    = {1511--1523},
  Volume                   = {58},
  Year                     = {2013},
  Number                   = {6},

  File                     = {trentelman2013robust.pdf:trentelman2013robust.pdf:PDF},
  Publisher                = {IEEE-Institute of Electrical and Electronics Engineers, Inc., New York, USA}
}

@Article{trentelman2009dissipativity,
  Title                    = {Dissipativity preserving model reduction by retention of trajectories of minimal dissipation},
  Author                   = {Trentelman, Harry L and Minh, Ha Binh and Rapisarda, Paolo},
  Journal                  = {Mathematics of Control, Signals, and Systems},
  Pages                    = {171--201},
  Volume                   = {21},
  Year                     = {2009},
  Number                   = {3},

  File                     = {trentelman2009dissipativity.pdf:papers\\trentelman2009dissipativity.pdf:PDF},
  Publisher                = {Springer},
  Timestamp                = {2014.04.06}
}

@Book{trinh2011functional,
  Title                    = {Functional observers for dynamical systems},
  Author                   = {Trinh, Hieu and Fernando, Tyrone},
  Publisher                = {Springer Verlag},
  Year                     = {2011},
  Volume                   = {420},

  Timestamp                = {2013.05.27}
}

@Article{trnka2012structured,
  Title                    = {Structured model order reduction of parallel models in feedback},
  Author                   = {Trnka, Pavel and Sturk, Christopher and Sandberg, Henrik and Havlena, V and {\v{R}}eho{\v{r}}, J},
  Journal                  = {Control Systems Technology, IEEE Transactions on},
  Pages                    = {1-1},
  Volume                   = {PP},
  Year                     = {2012},
  Number                   = {99},

  File                     = {trnka2012structured.pdf:trnka2012structured.pdf:PDF},
  Publisher                = {IEEE},
  Timestamp                = {2013.03.29}
}

@Article{tseng1993dual,
  Title                    = {Dual coordinate ascent methods for non-strictly convex minimization},
  Author                   = {Tseng, Paul},
  Journal                  = {Mathematical programming},
  Pages                    = {231--247},
  Volume                   = {59},
  Year                     = {1993},
  Number                   = {1-3},

  File                     = {tseng1993dual.pdf:tseng1993dual.pdf:PDF},
  Publisher                = {Springer},
  Timestamp                = {2016.07.27}
}

@InProceedings{twu2010controllability,
  Title                    = {Controllability of homogeneous single-leader networks},
  Author                   = {Twu, Philip and Egerstedt, Magnus and Martini, Simone},
  Booktitle                = {Decision and Control (CDC), 2010 Proceedings of the 49th IEEE Conference on},
  Year                     = {2010},
  Organization             = {IEEE},
  Pages                    = {5869--5874},

  File                     = {twu2010controllability.pdf:papers\\twu2010controllability.pdf:PDF;twu2010controllability.pdf:twu2010controllability.pdf:PDF},
  Timestamp                = {2013.03.25}
}

@Article{van2013port,
  Title                    = {Port-Hamiltonian systems on graphs},
  Author                   = {Van der Schaft, A.J and Maschke, B.M},
  Journal                  = {SIAM Journal on Control and Optimization},
  Pages                    = {906--937},
  Volume                   = {51},
  Year                     = {2013},
  Number                   = {2},

  File                     = {van2013port.pdf:van2013port.pdf:PDF},
  Publisher                = {SIAM},
  Timestamp                = {2015.07.03}
}

@InCollection{vandendorpe2008model,
  Title                    = {Model reduction of interconnected systems},
  Author                   = {Vandendorpe, Antoine and Van Dooren, Paul},
  Booktitle                = {Model Order Reduction: Theory, Research Aspects and Applications},
  Publisher                = {Springer},
  Year                     = {2008},
  Pages                    = {305--321},

  File                     = {vandendorpe2008model.pdf:vandendorpe2008model.pdf:PDF},
  Timestamp                = {2014.04.04}
}

@InProceedings{vandendorpe2004model,
  Title                    = {On model reduction of interconnected systems},
  Author                   = {Vandendorpe, A and Van Dooren, P},
  Booktitle                = {Proceedings of the 16th International Symposium of Mathematical Theory of Networks and Systems (MTNS)},
  Year                     = {2004},

  File                     = {vandendorpe2004model.pdf:vandendorpe2004model.pdf:PDF},
  Timestamp                = {2014.02.04}
}

@Article{vidyasagar1984graph,
  Title                    = {The graph metric for unstable plants and robustness estimates for feedback stability},
  Author                   = {Vidyasagar, Mathukumalli},
  Journal                  = {Automatic Control, IEEE Transactions on},
  Pages                    = {403--418},
  Volume                   = {29},
  Year                     = {1984},
  Number                   = {5},

  File                     = {vidyasagar1984graph.pdf:vidyasagar1984graph.pdf:PDF},
  Publisher                = {IEEE},
  Timestamp                = {2014.10.09}
}

@Article{vinnicombe1993frequency,
  Title                    = {Frequency domain uncertainty and the graph topology},
  Author                   = {Vinnicombe, Glenn},
  Journal                  = {Automatic Control, IEEE Transactions on},
  Pages                    = {1371--1383},
  Volume                   = {38},
  Year                     = {1993},
  Number                   = {9},

  File                     = {vinnicombe1993frequency.pdf:vinnicombe1993frequency.pdf:PDF},
  Timestamp                = {2014.10.11}
}

@Article{wen2004unifying,
  Title                    = {A unifying passivity framework for network flow control},
  Author                   = {Wen, John T and Arcak, Murat},
  Journal                  = {Automatic Control, IEEE Transactions on},
  Pages                    = {162--174},
  Volume                   = {49},
  Year                     = {2004},
  Number                   = {2},

  File                     = {wen2004unifying.pdf:wen2004unifying.pdf:PDF},
  Publisher                = {IEEE},
  Timestamp                = {2015.10.18}
}

@Book{wilkinson1965algebraic,
  Title                    = {The algebraic eigenvalue problem},
  Author                   = {Wilkinson, James Hardy and Wilkinson, James Hardy and Wilkinson, James Hardy},
  Publisher                = {Oxford Univ Press},
  Year                     = {1965},
  Volume                   = {155},

  Timestamp                = {2013.03.25}
}

@Article{willems1972dissipativeIandII,
  author    = {Willems, Jan C},
  title     = {Dissipative dynamical systems},
  journal   = {Archive for Rational Mechanics and Analysis},
  year      = {1972},
  volume    = {45},
  number    = {5},
  pages     = {321--393},
  file      = {willems1972dissipativeI.pdf:willems1972dissipativeI.pdf:PDF},
  publisher = {Springer},
  timestamp = {2013.03.29},
}

@Article{willems1972dissipativeII,
  Title                    = {Dissipative dynamical systems part {II}: Linear systems with quadratic supply rates},
  Author                   = {Willems, Jan C},
  Journal                  = {Archive for Rational Mechanics and Analysis},
  Pages                    = {352--393},
  Volume                   = {45},
  Year                     = {1972},
  Number                   = {5},

  File                     = {willems1972dissipativeII.pdf:willems1972dissipativeII.pdf:PDF},
  Publisher                = {Springer},
  Timestamp                = {2013.03.25}
}

@Article{willems2002synthesis,
  Title                    = {Synthesis of dissipative systems using quadratic differential forms: Part {I}},
  Author                   = {Willems, Jan C and Trentelman, Harry L},
  Journal                  = {Automatic Control, IEEE Transactions on},
  Pages                    = {53--69},
  Volume                   = {47},
  Year                     = {2002},
  Number                   = {1},

  File                     = {willems2002synthesis.pdf:papers\\willems2002synthesis.pdf:PDF},
  Publisher                = {IEEE},
  Timestamp                = {2013.03.29}
}

@TechReport{yamamoto2012control,
  Title                    = {Control of Smart Grids Based on Price Mechanism and Network Structure},
  Author                   = {Yamamoto, Hiroki and Tsumura, Koji},
  Institution              = {The University of Tokyo},
  Year                     = {2012},
  Type                     = {Mathematical Engineering Technical Reports},

  File                     = {yamamoto2012control.pdf:yamamoto2012control.pdf:PDF},
  Timestamp                = {2015.09.21}
}

@Article{yan1999approximate,
  Title                    = {An approximate approach to ${H}_2$ optimal model reduction},
  Author                   = {Yan, Wei-Yong and Lam, James},
  Journal                  = {Automatic Control, IEEE Transactions on},
  Pages                    = {1341--1358},
  Volume                   = {44},
  Year                     = {1999},
  Number                   = {7},

  File                     = {yan1999approximate.pdf:papers\\yan1999approximate.pdf:PDF;yan1999approximate.pdf:yan1999approximate.pdf:PDF},
  Publisher                = {IEEE},
  Timestamp                = {2013.03.25}
}

@Article{yang2008multi,
  Title                    = {Multi-agent coordination by decentralized estimation and control},
  Author                   = {Yang, Peng and Freeman, Randy A and Lynch, Kevin M},
  Journal                  = {Automatic Control, IEEE Transactions on},
  Pages                    = {2480--2496},
  Volume                   = {53},
  Year                     = {2008},
  Number                   = {11},

  File                     = {yang2008multi.pdf:yang2008multi.pdf:PDF},
  Owner                    = {koike},
  Publisher                = {IEEE},
  Timestamp                = {2013.05.29}
}

@Article{yang2006networked,
  Title                    = {Networked control system: a brief survey},
  Author                   = {Yang, Tai C},
  Journal                  = {IEE Proceedings-Control Theory and Applications},
  Pages                    = {403--412},
  Volume                   = {153},
  Year                     = {2006},
  Number                   = {4},

  File                     = {yang2006networked.pdf:yang2006networked.pdf:PDF},
  Publisher                = {IET},
  Timestamp                = {2014.01.21}
}

@InProceedings{yeung2011mathematical,
  Title                    = {Mathematical relationships between representations of structure in linear interconnected dynamical systems},
  Author                   = {Yeung, E and Goncalves, Jorge and Sandberg, Henrik and Warnick, S},
  Booktitle                = {Proceedings of the 2011 American Control Conference},
  Year                     = {2011},
  Organization             = {IEEE},
  Pages                    = {4348--4353},

  File                     = {yeung2011mathematical.pdf:yeung2011mathematical.pdf:PDF},
  Timestamp                = {2016.08.30}
}

@InProceedings{you2014reverse,
  Title                    = {Reverse and forward engineering of frequency control in power networks},
  Author                   = {You, Seungil and Chen, Lijun},
  Booktitle                = {Decision and Control (CDC), 2014 IEEE 53rd Annual Conference on},
  Year                     = {2014},
  Organization             = {IEEE},
  Pages                    = {191--198},

  File                     = {you2014reverse.pdf:you2014reverse.pdf:PDF},
  Timestamp                = {2015.10.10}
}

@Article{zecevic2005global,
  Title                    = {Global low-rank enhancement of decentralized control for large-scale systems},
  Author                   = {Ze{\v{c}}evi{\'c}, Aleksandar I and {\v{S}}iljak, Dragoslav D},
  Journal                  = {Automatic Control, IEEE Transactions on},
  Pages                    = {740--744},
  Volume                   = {50},
  Year                     = {2005},
  Number                   = {5},

  File                     = {zecevic2005global.pdf:zecevic2005global.pdf:PDF},
  Publisher                = {IEEE},
  Timestamp                = {2013.04.22}
}

@Article{zevcevic2005decomposition,
  Title                    = {A decomposition-based control strategy for large, sparse dynamic systems},
  Author                   = {Ze{\v{c}}evi{\'c}, Aleksandar I and {\v{S}}iljak, Dragoslav D},
  Journal                  = {Mathematical problems in engineering},
  Pages                    = {33--48},
  Volume                   = {2005},
  Year                     = {2005},
  Number                   = {1},

  File                     = {zevcevic2005decomposition.pdf:zevcevic2005decomposition.pdf:PDF},
  Publisher                = {Hindawi Publishing Corporation},
  Timestamp                = {2013.04.22}
}

@Article{zecevic2004robust,
  author    = {Zecevic, Aleksandar I and Neskovic, Gordana and {\v{S}}iljak, Dragoslav D},
  title     = {Robust decentralized exciter control with linear feedback},
  journal   = {Power Systems, IEEE Transactions on},
  year      = {2004},
  volume    = {19},
  number    = {2},
  pages     = {1096--1103},
  file      = {zecevic2004robust.pdf:zecevic2004robust.pdf:PDF},
  timestamp = {2014.09.18},
}

@Article{zelazo2011edge,
  Title                    = {Edge agreement: Graph-theoretic performance bounds and passivity analysis},
  Author                   = {Zelazo, Daniel and Mesbahi, Mehran},
  Journal                  = {Automatic Control, IEEE Transactions on},
  Pages                    = {544--555},
  Volume                   = {56},
  Year                     = {2011},
  Number                   = {3},

  File                     = {zelazo2011edge.pdf:zelazo2011edge.pdf:PDF},
  Publisher                = {IEEE},
  Timestamp                = {2014.04.10}
}

@Article{zelazo2011graph,
  Title                    = {Graph-theoretic analysis and synthesis of relative sensing networks},
  Author                   = {Zelazo, Daniel and Mesbahi, Mehran},
  Journal                  = {Automatic Control, IEEE Transactions on},
  Pages                    = {971--982},
  Volume                   = {56},
  Year                     = {2011},
  Number                   = {5},

  File                     = {zelazo2011graph.pdf:zelazo2011graph.pdf:PDF},
  Publisher                = {IEEE},
  Timestamp                = {2015.10.15}
}

@Article{zelazo2013performance,
  Title                    = {Performance and design of cycles in consensus networks},
  Author                   = {Zelazo, Daniel and Schuler, Simone and Allg{\"o}wer, Frank},
  Journal                  = {Systems \& Control Letters},
  Pages                    = {85--96},
  Volume                   = {62},
  Year                     = {2013},
  Number                   = {1},

  File                     = {zelazo2013performance.pdf:papers\\zelazo2013performance.pdf:PDF},
  Publisher                = {Elsevier},
  Timestamp                = {2015.06.08}
}

@Article{zhao2014design,
  Title                    = {Design and stability of load-side primary frequency control in power systems},
  Author                   = {Zhao, Changhong and Topcu, Ufuk and Li, Na and Low, Steven},
  Journal                  = {Automatic Control, IEEE Transactions on},
  Pages                    = {1177--1189},
  Volume                   = {59},
  Year                     = {2014},
  Number                   = {5},

  File                     = {zhao2014design.pdf:zhao2014design.pdf:PDF},
  Publisher                = {IEEE},
  Timestamp                = {2015.10.12}
}

@InProceedings{zhao2012swing,
  Title                    = {Swing dynamics as primal-dual algorithm for optimal load control},
  Author                   = {Zhao, Changhong and Topcu, Ufuk and Low, Steven},
  Booktitle                = {Smart Grid Communications (SmartGridComm), 2012 IEEE 3rd International Conference on},
  Year                     = {2012},
  Organization             = {IEEE},
  Pages                    = {570--575},

  File                     = {zhao2012swing.pdf:zhao2012swing.pdf:PDF},
  Timestamp                = {2015.10.12}
}

@Article{zhou2009improved,
  Title                    = {Improved swing equation and its properties in synchronous generators},
  Author                   = {Zhou, Jun and Ohsawa, Yasuharu},
  Journal                  = {Circuits and Systems, IEEE Transactions on},
  Pages                    = {200--209},
  Volume                   = {56},
  Year                     = {2009},
  Number                   = {1},

  File                     = {zhou2009improved.pdf:papers\\zhou2009improved.pdf:PDF;zhou2009improved.pdf:zhou2009improved.pdf:PDF},
  Publisher                = {IEEE},
  Timestamp                = {2013.03.25}
}

@Book{zhou1995robust,
  title     = {Robust and optimal control},
  publisher = {Prentice Hall},
  year      = {1995},
  author    = {Zhou, Kemin and Doyle, John Comstock and Glover, Keith},
  timestamp = {2013.09.25},
}

@Article{barmish1983stabilization,
  author    = {Barmish, B},
  title     = {Stabilization of uncertain systems via linear control},
  journal   = {Automatic Control, IEEE Transactions on},
  year      = {1983},
  volume    = {28},
  number    = {8},
  pages     = {848--850},
  file      = {barmish1983stabilization.pdf:barmish1983stabilization.pdf:PDF},
  publisher = {IEEE},
  timestamp = {2017.03.24},
}

@Article{tan1990decentralized,
  author    = {Tan, Xiang-Ling and Ikeda, Masao},
  title     = {Decentralized stabilization for expanding construction of large-scale systems},
  journal   = {Automatic Control, IEEE Transactions on},
  year      = {1990},
  volume    = {35},
  number    = {6},
  pages     = {644--651},
  file      = {tan1990decentralized.pdf:tan1990decentralized.pdf:PDF},
  publisher = {IEEE},
  timestamp = {2017.03.28},
}

@Article{siljak1972stability,
  author    = {{\v{S}}iljak, Dragoslav D},
  title     = {Stability of large-scale systems under structural perturbations},
  journal   = {Systems, Man, and Cybernetics, IEEE Transactions on},
  year      = {1972},
  volume    = {SMC-2},
  number    = {5},
  pages     = {657--663},
  file      = {siljak1972stability.pdf:siljak1972stability.pdf:PDF},
  timestamp = {2014.09.18},
}

@Article{grujic1973asymptotic,
  author    = {Grujic, L and {\v{S}}iljak, D},
  title     = {Asymptotic stability and instability of large-scale systems},
  journal   = {Automatic Control, IEEE Transactions on},
  year      = {1973},
  volume    = {18},
  number    = {6},
  pages     = {636--645},
  file      = {grujic1973asymptotic.pdf:grujic1973asymptotic.pdf:PDF},
  publisher = {IEEE},
  timestamp = {2017.03.29},
}

@Article{wang1973stabilization,
  author    = {Wang, Shih-Ho and Davison, EJ},
  title     = {On the stabilization of decentralized control systems},
  journal   = {Automatic Control, IEEE Transactions on},
  year      = {1973},
  volume    = {18},
  number    = {5},
  pages     = {473--478},
  file      = {wang1973stabilization.pdf:wang1973stabilization.pdf:PDF},
  publisher = {IEEE},
  timestamp = {2017.03.29},
}

@Book{vidyasagar1978nonlinear,
  title     = {Nonlinear systems analysis},
  publisher = {Prentice Hall},
  year      = {1978},
  author    = {Vidyasagar, Mathukuma},
  timestamp = {2017.04.11},
}

@Book{siljak1991decentralized,
  title     = {Decentralized control of complex systems},
  publisher = {Mathematics in Science and Engineering, Academic Press},
  year      = {1991},
  author    = {{\v{S}}iljak, Dragoslav D},
  volume    = {184},
  timestamp = {2017.04.11},
}

@Article{farokhi2015optimal,
  author    = {Farokhi, Farhad and Johansson, Karl H},
  title     = {Optimal Control Design Under Limited Model Information for Discrete-Time Linear Systems With Stochastically-Varying Parameters},
  journal   = {Automatic Control, IEEE Transactions on},
  year      = {2015},
  volume    = {60},
  number    = {3},
  pages     = {684--699},
  file      = {farokhi2015optimal.pdf:farokhi2015optimal.pdf:PDF},
  publisher = {IEEE},
  timestamp = {2017.04.13},
}

@Article{hokayem2012stochastic,
  author    = {Hokayem, Peter and Cinquemani, Eugenio and Chatterjee, Debasish and Ramponi, Federico and Lygeros, John},
  title     = {Stochastic receding horizon control with output feedback and bounded controls},
  journal   = {Automatica},
  year      = {2012},
  volume    = {48},
  number    = {1},
  pages     = {77--88},
  file      = {hokayem2012stochastic.pdf:hokayem2012stochastic.pdf:PDF},
  publisher = {Elsevier},
  timestamp = {2017.04.26},
}

@Article{ferrante2013generalised,
  author    = {Ferrante, Augusto and Ntogramatzidis, Lorenzo},
  title     = {The generalised discrete algebraic {Riccati} equation in linear-quadratic optimal control},
  journal   = {Automatica},
  year      = {2013},
  volume    = {49},
  number    = {2},
  pages     = {471--478},
  file      = {ferrante2013generalised.pdf:ferrante2013generalised.pdf:PDF},
  publisher = {Elsevier},
  timestamp = {2017.04.26},
}

@Article{mayne2006robust,
  author    = {Mayne, David Q and Rakovi{\'c}, SV and Findeisen, Rolf and Allg{\"o}wer, Frank},
  title     = {Robust output feedback model predictive control of constrained linear systems},
  journal   = {Automatica},
  year      = {2006},
  volume    = {42},
  number    = {7},
  pages     = {1217--1222},
  file      = {mayne2006robust.pdf:mayne2006robust.pdf:PDF},
  publisher = {Elsevier},
  timestamp = {2017.04.26},
}

@Article{bemporad2000output,
  author    = {Bemporad, Alberto and Garulli, Andrea},
  title     = {Output-feedback predictive control of constrained linear systems via set-membership state estimation},
  journal   = {International Journal of Control},
  year      = {2000},
  volume    = {73},
  number    = {8},
  pages     = {655--665},
  file      = {bemporad2000output.pdf:bemporad2000output.pdf:PDF},
  publisher = {Taylor \& Francis},
  timestamp = {2017.04.26},
}

@Book{doyle2013feedback,
  title     = {Feedback control theory},
  publisher = {Courier Corporation},
  year      = {2013},
  author    = {Doyle, John C and Francis, Bruce A and Tannenbaum, Allen R},
  file      = {doyle2013feedback.pdf:doyle2013feedback.pdf:PDF},
  timestamp = {2017.05.02},
}

@InProceedings{wang2016localized,
  author       = {Wang, Yuh-Shyang and Matni, Nikolai and Doyle, John C},
  title        = {Localized LQR control with actuator regularization},
  booktitle    = {American Control Conference (ACC), 2016},
  year         = {2016},
  pages        = {5205--5212},
  organization = {IEEE},
  file         = {wang2016localized.pdf:wang2016localized.pdf:PDF},
  timestamp    = {2017.07.19},
}

@Article{rungger2016compositional,
  author    = {Rungger, Matthias and Zamani, Majid},
  title     = {Compositional construction of approximate abstractions of interconnected control systems},
  journal   = {Control of Network Systems, IEEE Transactions on},
  year      = {2016},
  file      = {rungger2016compositional.pdf:rungger2016compositional.pdf:PDF},
  publisher = {IEEE},
  timestamp = {2017.07.19},
}

@Article{lessard2016convexity,
  author    = {Lessard, Laurent and Lall, Sanjay},
  title     = {Convexity of decentralized controller synthesis},
  journal   = {Automatic Control, IEEE Transactions on},
  year      = {2016},
  volume    = {61},
  number    = {10},
  pages     = {3122--3127},
  file      = {lessard2016convexity.pdf:lessard2016convexity.pdf:PDF},
  publisher = {IEEE},
  timestamp = {2017.07.19},
}

@Book{berman1994nonnegative,
  title     = {Nonnegative matrices in the mathematical sciences},
  publisher = {SIAM},
  year      = {1994},
  author    = {Berman, Abraham and Plemmons, Robert J},
  timestamp = {2017.07.24},
}

@Article{dorfler2014synchronization,
  author    = {D{\"o}rfler, Florian and Bullo, Francesco},
  title     = {Synchronization in complex networks of phase oscillators: A survey},
  journal   = {Automatica},
  year      = {2014},
  volume    = {50},
  number    = {6},
  pages     = {1539--1564},
  file      = {dorfler2014synchronization.pdf:dorfler2014synchronization.pdf:PDF},
  publisher = {Elsevier},
  timestamp = {2017.08.17},
}

@Article{dorfler2013synchronization,
  author    = {D{\"o}rfler, Florian and Chertkov, Michael and Bullo, Francesco},
  title     = {Synchronization in complex oscillator networks and smart grids},
  journal   = {Proceedings of the National Academy of Sciences},
  year      = {2013},
  volume    = {110},
  number    = {6},
  pages     = {2005--2010},
  file      = {dorfler2013synchronization.pdf:dorfler2013synchronization.pdf:PDF},
  publisher = {National Acad Sciences},
  timestamp = {2017.08.18},
}

@Article{biggs1997algebraic,
  author    = {Biggs, Norman},
  title     = {Algebraic potential theory on graphs},
  journal   = {Bulletin of the London Mathematical Society},
  year      = {1997},
  volume    = {29},
  number    = {6},
  pages     = {641--682},
  file      = {biggs1997algebraic.pdf:biggs1997algebraic.pdf:PDF},
  publisher = {Cambridge University Press},
  timestamp = {2017.08.22},
}

@Article{dorfler2013kron,
  author    = {Dorfler, Florian and Bullo, Francesco},
  title     = {Kron reduction of graphs with applications to electrical networks},
  journal   = {Circuits and Systems I: Regular Papers, IEEE Transactions on},
  year      = {2013},
  volume    = {60},
  number    = {1},
  pages     = {150--163},
  file      = {dorfler2013kron.pdf:dorfler2013kron.pdf:PDF},
  publisher = {IEEE},
  timestamp = {2017.08.22},
}

@Article{qu2014modularized,
  author    = {Qu, Zhihua and Simaan, Marwan A},
  title     = {Modularized design for cooperative control and plug-and-play operation of networked heterogeneous systems},
  journal   = {Automatica},
  year      = {2014},
  volume    = {50},
  number    = {9},
  pages     = {2405--2414},
  file      = {qu2014modularized.pdf:qu2014modularized.pdf:PDF},
  publisher = {Elsevier},
  timestamp = {2017.08.29},
}

@Article{yu2010second,
  author    = {Yu, Wenwu and Chen, Guanrong and Cao, Ming and Kurths, J{\"u}rgen},
  title     = {Second-order consensus for multiagent systems with directed topologies and nonlinear dynamics},
  journal   = {Systems, Man, and Cybernetics, Part B (Cybernetics), IEEE Transactions on},
  year      = {2010},
  volume    = {40},
  number    = {3},
  pages     = {881--891},
  file      = {yu2010second.pdf:yu2010second.pdf:PDF},
  publisher = {IEEE},
  timestamp = {2017.09.04},
}

@Article{cheng2017reduction,
  author    = {Cheng, Xiaodong and Kawano, Yu and Scherpen, Jacquelien MA},
  title     = {Reduction of second-order network systems with structure preservation},
  journal   = {Automatic Control, IEEE Transactions on},
  year      = {2017},
  file      = {cheng2017reduction.pdf:cheng2017reduction.pdf:PDF},
  publisher = {IEEE},
  timestamp = {2017.09.04},
}

@Article{besselink2016clustering,
  author    = {Besselink, Bart and Sandberg, Henrik and Johansson, Karl H},
  title     = {Clustering-based model reduction of networked passive systems},
  journal   = {Automatic Control, IEEE Transactions on},
  year      = {2016},
  volume    = {61},
  number    = {10},
  pages     = {2958--2973},
  file      = {besselink2016clustering.pdf:besselink2016clustering.pdf:PDF},
  publisher = {IEEE},
  timestamp = {2017.09.04},
}

@Article{merris1994laplacian,
  author    = {Merris, Russell},
  title     = {Laplacian matrices of graphs: a survey},
  journal   = {Linear algebra and its applications},
  year      = {1994},
  volume    = {197},
  pages     = {143--176},
  file      = {merris1994laplacian.pdf:merris1994laplacian.pdf:PDF},
  publisher = {Elsevier},
  timestamp = {2017.09.04},
}

@Article{olfati2007consensus,
  author    = {Olfati-Saber, Reza and Fax, J Alex and Murray, Richard M},
  title     = {Consensus and cooperation in networked multi-agent systems},
  journal   = {Proceedings of the IEEE},
  year      = {2007},
  volume    = {95},
  number    = {1},
  pages     = {215--233},
  file      = {olfati2007consensus.pdf:olfati2007consensus.pdf:PDF},
  publisher = {IEEE},
  timestamp = {2017.09.04},
}

@Article{ren2007information,
  author    = {Ren, Wei and Beard, Randal W and Atkins, Ella M},
  title     = {Information consensus in multivehicle cooperative control},
  journal   = {Control Systems Magazine, IEEE},
  year      = {2007},
  volume    = {27},
  number    = {2},
  pages     = {71--82},
  file      = {ren2007information.pdf:ren2007information.pdf:PDF},
  publisher = {IEEE},
  timestamp = {2017.09.04},
}

@InProceedings{ishizaki2016eigenstructure,
  author       = {Ishizaki, Takayuki and Ku, Risong and Imura, Jun-ichi},
  title        = {Eigenstructure analysis from symmetrical graph motives with application to aggregated controller design},
  booktitle    = {Decision and Control (CDC), 2016 IEEE 55th Conference on},
  year         = {2016},
  pages        = {5744--5749},
  organization = {IEEE},
  file         = {ishizaki2016eigenstructure.pdf:ishizaki2016eigenstructure.pdf:PDF},
  timestamp    = {2017.09.04},
}

@InProceedings{kuramoto1975self,
  author       = {Kuramoto, Yoshiki},
  title        = {Self-entrainment of a population of coupled non-linear oscillators},
  booktitle    = {International symposium on mathematical problems in theoretical physics},
  year         = {1975},
  pages        = {420--422},
  organization = {Springer},
  timestamp    = {2017.09.06},
}

@Book{sepulchre2012constructive,
  title     = {Constructive nonlinear control},
  publisher = {Springer Science \& Business Media},
  year      = {2012},
  author    = {Sepulchre, Rodolphe and Jankovic, Mrdjan and Kokotovic, Petar V},
  timestamp = {2017.10.04},
}

@Article{liberzon1999basic,
  author    = {Liberzon, Daniel and Morse, A Stephen},
  title     = {Basic problems in stability and design of switched systems},
  journal   = {Control Systems Magazine, IEEE},
  year      = {1999},
  volume    = {19},
  number    = {5},
  pages     = {59--70},
  file      = {liberzon1999basic.pdf:liberzon1999basic.pdf:PDF},
  publisher = {IEEE},
  timestamp = {2017.10.24},
}

@Article{estrada2007left,
  author    = {Estrada, Mois{\'e}s Bonilla and Garcia, Maricela Figueroa and Malabre, Michel and Garc{\'\i}a, Juan Carlos Mart{\'\i}nez},
  title     = {Left invertibility and duality for linear systems},
  journal   = {Linear algebra and its applications},
  year      = {2007},
  volume    = {425},
  number    = {2-3},
  pages     = {345--373},
  file      = {estrada2007left.pdf:estrada2007left.pdf:PDF},
  publisher = {Elsevier},
  timestamp = {2017.12.08},
}

@Article{rantzer2015scalable,
  author    = {Rantzer, Anders},
  title     = {Scalable control of positive systems},
  journal   = {European Journal of Control},
  year      = {2015},
  volume    = {24},
  pages     = {72--80},
  file      = {rantzer2015scalable.pdf:rantzer2015scalable.pdf:PDF},
  publisher = {Elsevier},
  timestamp = {2017.12.15},
}

@InProceedings{wang1995robust,
  author       = {Wang, Youyi and Xie, Lihua and de Souza, Carlos E},
  title        = {Robust decentralized control of interconnected uncertain linear systems},
  booktitle    = {Decision and Control, 1995., Proceedings of the 34th IEEE Conference on},
  year         = {1995},
  volume       = {3},
  pages        = {2653--2658},
  organization = {IEEE},
  file         = {wang1995robust.pdf:wang1995robust.pdf:PDF},
  timestamp    = {2018.02.23},
}

@Article{albert1969conditions,
  author    = {Albert, Arthur},
  title     = {Conditions for positive and nonnegative definiteness in terms of pseudoinverses},
  journal   = {SIAM Journal on Applied Mathematics},
  year      = {1969},
  volume    = {17},
  number    = {2},
  pages     = {434--440},
  file      = {albert1969conditions.pdf:albert1969conditions.pdf:PDF},
  publisher = {SIAM},
  timestamp = {2018.04.18},
}

@Article{carlson1974generalization,
  author    = {Carlson, David and Haynsworth, Emilie and Markham, Thomas},
  title     = {A generalization of the Schur complement by means of the Moore--Penrose inverse},
  journal   = {SIAM Journal on Applied Mathematics},
  year      = {1974},
  volume    = {26},
  number    = {1},
  pages     = {169--175},
  file      = {carlson1974generalization.pdf:carlson1974generalization.pdf:PDF},
  publisher = {SIAM},
  timestamp = {2018.04.18},
}

@Article{xia2017passivity,
  author    = {Xia, Meng and Antsaklis, Panos J and Gupta, Vijay and Zhu, Feng},
  title     = {Passivity and dissipativity analysis of a system and its approximation},
  journal   = {Automatic Control, IEEE Transactions on},
  year      = {2017},
  volume    = {62},
  number    = {2},
  pages     = {620--635},
  file      = {xia2017passivity.pdf:xia2017passivity.pdf:PDF},
  publisher = {IEEE},
}

@Article{zhu2017passivity,
  author    = {Zhu, Feng and Xia, Meng and Antsaklis, Panos J},
  title     = {On Passivity Analysis and Passivation of Event-Triggered Feedback Systems Using Passivity Indices},
  journal   = {Automatic Control, IEEE Transactions on},
  year      = {2017},
  volume    = {62},
  number    = {3},
  pages     = {1397--1402},
  file      = {zhu2017passivity.pdf:papers\\zhu2017passivity.pdf:PDF},
  publisher = {IEEE},
}

@InProceedings{zhu2014passivity,
  author       = {Zhu, Feng and Xia, Meng and Antsaklis, Panos J},
  title        = {Passivity analysis and passivation of feedback systems using passivity indices},
  booktitle    = {American Control Conference (ACC), 2014},
  year         = {2014},
  pages        = {1833--1838},
  organization = {IEEE},
  file         = {zhu2014passivity.pdf:papers\\zhu2014passivity.pdf:PDF},
}

@Article{nabavi2016graph,
  author    = {Nabavi, Seyedbehzad and Chakrabortty, Aranya},
  title     = {A graph-theoretic condition for global identifiability of weighted consensus networks},
  journal   = {Automatic Control, IEEE Transactions on},
  year      = {2016},
  volume    = {61},
  number    = {2},
  pages     = {497--502},
  file      = {nabavi2016graph.pdf:nabavi2016graph.pdf:PDF},
  publisher = {IEEE},
  timestamp = {2018.04.26},
}

@Article{ishizaki2018graph,
  author    = {Ishizaki, Takayuki and Chakrabortty, Aranya and Imura, Jun-ichi},
  title     = {Graph-theoretic analysis of power systems},
  journal   = {Proceedings of the IEEE},
  year      = {2018},
  volume    = {106},
  number    = {5},
  pages     = {931--952},
  file      = {ishizaki2018graph.pdf:ishizaki2018graph.pdf:PDF},
  publisher = {IEEE},
}

@Article{khong2017converse,
  author    = {Khong, Sei Zhen and van der Schaft, Arjan},
  title     = {Converse passivity theorems},
  journal   = {IFAC-PapersOnLine},
  year      = {2017},
  volume    = {50},
  number    = {1},
  pages     = {9573--9576},
  file      = {:khong2017converse.pdf:PDF},
  publisher = {Elsevier},
}

@Article{sadamoto2018retrofit,
  author    = {Sadamoto, Tomonori and Chakrabortty, Aranya and Ishizaki, Takayuki and Imura, Jun-ichi},
  title     = {Retrofit control of wind-integrated power systems},
  journal   = {Power Systems, IEEE Transactions on},
  year      = {2018},
  volume    = {33},
  number    = {3},
  pages     = {2804--2815},
  publisher = {IEEE},
  timestamp = {2018.06.08},
}

@Article{ishizaki2018retrofit,
  author    = {Ishizaki, Takayuki and Sadamoto, Tomonori and Imura, Jun-ichi and Sandberg, Henrik and Johansson, Karl Henrik},
  title     = {Retrofit control: Localization of controller design and implementation},
  journal   = {Automatica},
  year      = {2018},
  volume    = {95},
  pages     = {336--346},
  file      = {ishizaki2018retrofit.pdf:ishizaki2018retrofit.pdf:PDF},
  publisher = {Elsevier},
  timestamp = {2018.06.08},
}

@Article{grant2016cvx,
  author    = {Grant, Michael and Boyd, Stephen},
  title     = {The {CVX} Users’ Guide for cvx version 2.1∗},
  year      = {2016},
  file      = {grant2016cvx.pdf:grant2016cvx.pdf:PDF},
  publisher = {Citeseer},
  timestamp = {2017.02.09},
}

@Article{bendtsen2013plug,
  author    = {Bendtsen, Jan and Trangbaek, Klaus and Stoustrup, Jakob},
  title     = {Plug-and-play control: Modifying control systems online},
  journal   = {Control Systems Technology, IEEE Transactions on},
  year      = {2013},
  volume    = {21},
  number    = {1},
  pages     = {79--93},
  file      = {bendtsen2013plug.pdf:bendtsen2013plug.pdf:PDF},
  publisher = {IEEE},
  timestamp = {2017.10.13},
}

@Article{stoustrup2009plug,
  author    = {Stoustrup, Jakob},
  title     = {Plug \& play control: Control technology towards new challenges},
  journal   = {European Journal of Control},
  year      = {2009},
  volume    = {15},
  number    = {3-4},
  pages     = {311--330},
  publisher = {Elsevier},
  timestamp = {2018.07.05},
}

@Book{bishop2006pattern,
  title     = {Pattern recognition and machine learning},
  publisher = {Springer},
  year      = {2006},
  author    = {Bishop, Christopher M},
  journal   = {Inc. Secaucus, NJ, USA},
  timestamp = {2018.07.05},
}

@Article{ulrich2003role,
  author    = {Ulrich, Karl T},
  title     = {The role of product architecture in the manufacturing firm},
  journal   = {Managing in the modular age: architectures, networks, and organizations},
  year      = {2003},
  pages     = {117--145},
  file      = {ulrich2003role.pdf:ulrich2003role.pdf:PDF},
  timestamp = {2018.07.06},
}

@Article{schilling2000toward,
  author    = {Schilling, Melissa A},
  title     = {Toward a general modular systems theory and its application to interfirm product modularity},
  journal   = {Academy of management review},
  year      = {2000},
  volume    = {25},
  number    = {2},
  pages     = {312--334},
  file      = {schilling2000toward.pdf:schilling2000toward.pdf:PDF},
  publisher = {Academy of Management Briarcliff Manor, NY 10510},
  timestamp = {2018.07.05},
}

@Book{baldwin2000design,
  title     = {Design rules: The power of modularity},
  publisher = {MIT press},
  year      = {2000},
  author    = {Baldwin, Carliss Young and Clark, Kim B},
  volume    = {1},
  timestamp = {2018.07.06},
}

@InCollection{ljung1998system,
  author    = {Ljung, Lennart},
  title     = {System identification},
  booktitle = {Signal analysis and prediction},
  publisher = {Springer},
  year      = {1998},
  pages     = {163--173},
  timestamp = {2018.07.05},
}

@Article{huang1998modularity,
  author    = {Huang, Chun-Che and Kusiak, Andrew},
  title     = {Modularity in design of products and systems},
  journal   = {Systems, Man, and Cybernetics-Part A: Systems and Humans, IEEE Transactions on},
  year      = {1998},
  volume    = {28},
  number    = {1},
  pages     = {66--77},
  file      = {huang1998modularity.pdf:huang1998modularity.pdf:PDF},
  publisher = {IEEE},
  timestamp = {2018.07.05},
}

@Article{parnas1972criteria,
  author    = {Parnas, David Lorge},
  title     = {On the criteria to be used in decomposing systems into modules},
  journal   = {Communications of the ACM},
  year      = {1972},
  volume    = {15},
  number    = {12},
  pages     = {1053--1058},
  file      = {parnas1972criteria.pdf:parnas1972criteria.pdf:PDF},
  publisher = {ACm},
  timestamp = {2018.07.06},
}

@Book{ulrich2003product,
  title     = {Product design and development},
  publisher = {McGraw Hill Higher Education},
  year      = {2003},
  author    = {Ulrich, Karl T},
  timestamp = {2018.07.06},
}

@Article{youla1976modern,
  author    = {Youla, Dante and Jabr, Hamid and Bongiorno, Jr},
  title     = {Modern {Wiener-Hopf} design of optimal controllers--{Part II}: The multivariable case},
  journal   = {Automatic Control, IEEE Transactions on},
  year      = {1976},
  volume    = {21},
  number    = {3},
  pages     = {319--338},
  file      = {youla1976modern.pdf:youla1976modern.pdf:PDF},
  publisher = {IEEE},
  timestamp = {2018.07.07},
}

@Article{petes2017scalable,
  author    = {Pates, Richard and Vinnicombe, Glenn},
  title     = {Scalable design of heterogeneous networks},
  journal   = {Automatic Control, IEEE Transactions on},
  year      = {2017},
  volume    = {62},
  pages     = {2318-2333},
  file      = {petes2017scalable.pdf:petes2017scalable.pdf:PDF},
  timestamp = {2018.07.09},
}

@Article{megretski1997system,
  author    = {Megretski, Alexandre and Rantzer, Anders},
  title     = {System analysis via integral quadratic constraints},
  journal   = {Automatic Control, IEEE Transactions on},
  year      = {1997},
  volume    = {42},
  number    = {6},
  pages     = {819--830},
  publisher = {IEEE},
  timestamp = {2018.07.09},
}

@Article{wang2013distributed,
  author    = {Wang, Xiaofeng and Hovakimyan, Naira},
  title     = {Distributed Control of Uncertain Networked Systems: A Decoupled Design},
  journal   = {Automatic Control, IEEE Transactions on},
  year      = {2013},
  volume    = {58},
  number    = {10},
  pages     = {2536--2549},
  file      = {wang2013distributed.pdf:wang2013distributed.pdf:PDF},
  publisher = {IEEE},
}

@InProceedings{sasahara2018parameterization,
  author       = {Sasahara, Hampei and Ishizaki, Takayuki and Imura, Jun-ichi},
  title        = {Parameterization of all state-feedback retrofit controllers},
  booktitle    = {Decision and Control (CDC), 2018 IEEE 56th Annual Conference on},
  year         = {2018},
  pages        = {5880--5885},
  organization = {IEEE},
}

@InProceedings{inoue2018parameterization,
  author    = {Inoue, Masaki and Ishizaki, Takayuki and Suzumura, Mizuki},
  title     = {Parametrization of all retrofit controllers toward open control-systems},
  booktitle = {European Control Conference (ECC)},
  year      = {2018},
  pages     = {715--720},
}

@Article{stegink2017unifying,
  author    = {Stegink, Tjerk and De Persis, Claudio and van der Schaft, Arjan},
  title     = {A unifying energy-based approach to stability of power grids with market dynamics},
  journal   = {Automatic Control, IEEE Transactions on},
  year      = {2017},
  volume    = {62},
  number    = {6},
  pages     = {2612--2622},
  file      = {:stegink2017unifying.pdf:PDF},
  publisher = {IEEE},
  timestamp = {2018.09.21},
}

@Article{sasahara2019damping,
  author    = {Sasahara, Hampei and Ishizaki, Takayuki and Sadamoto, Tomonori and Masuta, Taisuke and Ueda, Yuzuru and Sugihara, Hideharu and Yamaguchi, Nobuyuki and Imura, Jun-ichi},
  title     = {Damping performance improvement for {PV}-integrated power grids via retrofit control},
  journal   = {Control Engineering Practice},
  year      = {2019},
  volume    = {84},
  pages     = {92--101},
  publisher = {Elsevier},
  timestamp = {2018.12.29},
}

@InCollection{baldwin2006modularity,
  author    = {Baldwin, Carliss Y and Clark, Kim B},
  title     = {Modularity in the design of complex engineering systems},
  booktitle = {Complex engineered systems},
  publisher = {Springer},
  year      = {2006},
  pages     = {175--205},
  timestamp = {2018.12.29},
}

@InProceedings{jilg2013hierarchical,
  author    = {Jilg, Martin, and Stursberg, Olaf},
  title     = {Hierarchical Distributed Control for Interconnected Systems},
  booktitle = {Proceedings of the 13th IFAC Symposium on Large Scale Complex Systems: Theory and Applications},
  year      = {2013},
  pages     = {419--425},
  file      = {:jilg2013hierarchical.pdf:PDF},
  timestamp = {2018.12.31},
}

@Book{vsiljak1978large,
  title     = {Large-scale dynamic systems: stability and structure},
  publisher = {North Holland},
  year      = {1978},
  author    = {{\v{S}}iljak, Dragoslav D},
  volume    = {2},
  timestamp = {2018.12.31},
}

@InProceedings{tang2017distributed,
  author    = {Tang, Wentao, and Daoutidis, Prodromos},
  title     = {Distributed/Hierarchical Control Architecture Design},
  booktitle = {Proceedings of the 20th IFAC World Congress},
  year      = {2017},
  volume    = {50},
  number    = {1},
  pages     = {12015-12020},
  file      = {:tang2017distributed.pdf:PDF},
  timestamp = {2018.12.31},
}

@InProceedings{gross2011optimized,
  author       = {Gro{\ss}, Dominic and Stursberg, Olaf},
  title        = {Optimized distributed control and network topology design for interconnected systems},
  booktitle    = {Decision and Control and European Control Conference (CDC-ECC), 2011 50th IEEE Conference on},
  year         = {2011},
  pages        = {8112--8117},
  organization = {IEEE},
  file         = {:gross2011optimized.pdf:PDF},
  timestamp    = {2018.12.31},
}

@InProceedings{sasahara2018characterization,
  author       = {Sasahara, Hampei and Ishizaki, Takayuki and Inoue, Masaki and Sadamoto, Tomonori and Irnura, Jun-ichi},
  title        = {A characterization of all retrofit controllers},
  booktitle    = {2018 Annual American Control Conference (ACC)},
  year         = {2018},
  pages        = {6194--6199},
  organization = {IEEE},
  timestamp    = {2019.01.01},
}

@Article{trip2016internal,
  author    = {Trip, Sebastian and B{\"u}rger, Mathias and De Persis, Claudio},
  title     = {An internal model approach to (optimal) frequency regulation in power grids with time-varying voltages},
  journal   = {Automatica},
  year      = {2016},
  volume    = {64},
  pages     = {240--253},
  file      = {:trip2016internal.pdf:PDF},
  publisher = {Elsevier},
  timestamp = {2019.03.14},
}

@Article{simpson2013synchronization,
  author    = {Simpson-Porco, John W and D{\"o}rfler, Florian and Bullo, Francesco},
  title     = {Synchronization and power sharing for droop-controlled inverters in islanded microgrids},
  journal   = {Automatica},
  year      = {2013},
  volume    = {49},
  number    = {9},
  pages     = {2603--2611},
  file      = {:simpson2013synchronization.pdf:PDF},
  publisher = {Elsevier},
  timestamp = {2019.03.14},
}

@Article{caliskan2014compositional,
  author    = {Caliskan, Sina Yamac and Tabuada, Paulo},
  title     = {Compositional transient stability analysis of multimachine power networks},
  journal   = {IEEE Transactions on Control of Network systems},
  year      = {2014},
  volume    = {1},
  number    = {1},
  pages     = {4--14},
  file      = {:caliskan2014compositional.pdf:PDF},
  publisher = {IEEE},
  timestamp = {2019.03.14},
}

@Article{bergen1981structure,
  author    = {Bergen, Arthur R and Hill, David J},
  title     = {A structure preserving model for power system stability analysis},
  journal   = {IEEE Transactions on Power Apparatus and Systems},
  year      = {1981},
  number    = {1},
  pages     = {25--35},
  file      = {:bergen1981structure.pdf:PDF},
  publisher = {IEEE},
  timestamp = {2019.03.19},
}

@Article{willems1972dissipativeI,
  author    = {Willems, Jan C},
  title     = {Dissipative dynamical systems part {I}: General theory},
  journal   = {Archive for Rational Mechanics and Analysis},
  year      = {1972},
  volume    = {45},
  number    = {5},
  pages     = {321--351},
  file      = {willems1972dissipativeI.pdf:willems1972dissipativeI.pdf:PDF},
  publisher = {Springer},
  timestamp = {2013.03.29},
}

@Article{ishizaki201Xmodularity,
  author  = {Ishizaki, Takayuki and Sasahara, Hampei and Inoue, Masaki and Imura, Jun-ichi},
  title   = {Modularity-in-Design of Dynamical Network Systems: Retrofit Control Approach},
  journal = {arXiv preprint:1902.01625},
  year    = {2018},
}

@Article{ishizaki201Xretrofit,
  author    = {Ishizaki, Takayuki and Kawaugchi, Takahiro and Sasahara, Hampei and Imura, Jun-ichi},
  title     = {Retrofit Control with Approximate Environment Modeling},
  journal   = {arXiv preprint:1810.01141},
  year      = {2018},
  timestamp = {2019.04.04},
}

@Article{sadamoto2019dynamic,
  author    = {Sadamoto, Tomonori and Chakrabortty, Aranya and Ishizaki, Takayuki and Imura, Jun-ichi},
  title     = {Dynamic Modeling, Stability, and Control of Power Systems With Distributed Energy Resources: Handling Faults Using Two Control Methods in Tandem},
  journal   = {IEEE Control Systems Magazine},
  year      = {2019},
  volume    = {39},
  number    = {2},
  pages     = {34--65},
  publisher = {IEEE},
  timestamp = {2019.04.04},
}

@Article{riverso2016plug,
  author    = {Riverso, Stefano and Boem, Francesca and Ferrari-Trecate, Giancarlo and Parisini, Thomas},
  title     = {Plug-and-play fault detection and control-reconfiguration for a class of nonlinear large-scale constrained systems},
  journal   = {IEEE Transactions on Automatic Control},
  year      = {2016},
  volume    = {61},
  number    = {12},
  pages     = {3963--3978},
  file      = {:riverso2016plug .pdf:PDF},
  publisher = {IEEE},
  timestamp = {2019.08.16},
}

@InProceedings{delvenne2006price,
  author       = {Delvenne, Jean-Charles and Langbort, C{\'e}dric},
  title        = {The price of distributed design in optimal control},
  booktitle    = {Proceedings of the 45th IEEE Conference on Decision and Control},
  year         = {2006},
  pages        = {3640--3645},
  organization = {IEEE},
  file         = {:delvenne2006price.pdf:PDF},
  timestamp    = {2019.08.16},
}

@Article{wang2018separable,
  author    = {Wang, Yuh-Shyang and Matni, Nikolai and Doyle, John C},
  title     = {Separable and localized system-level synthesis for large-scale systems},
  journal   = {IEEE Transactions on Automatic Control},
  year      = {2018},
  volume    = {63},
  number    = {12},
  pages     = {4234--4249},
  publisher = {IEEE},
  timestamp = {2019.08.18},
}

@Article{tang2018optimal,
  author    = {Tang, Wentao and Allman, Andrew and Pourkargar, Davood Babaei and Daoutidis, Prodromos},
  title     = {Optimal decomposition for distributed optimization in nonlinear model predictive control through community detection},
  journal   = {Computers \& Chemical Engineering},
  year      = {2018},
  volume    = {111},
  pages     = {43--54},
  file      = {:tang2018optimal.pdf:PDF},
  publisher = {Elsevier},
  timestamp = {2019.08.20},
}

@Article{tang2018network,
  author    = {Tang, Wentao and Daoutidis, Prodromos},
  title     = {Network decomposition for distributed control through community detection in input--output bipartite graphs},
  journal   = {Journal of Process Control},
  year      = {2018},
  volume    = {64},
  pages     = {7--14},
  file      = {:tang2018network.pdf:PDF},
  publisher = {Elsevier},
  timestamp = {2019.08.20},
}

@Article{pichai1983graph,
  author    = {Pichai, Venugopal and Sezer, Mesut E and Siljak, Dragoslav D},
  title     = {A graph-theoretic algorithm for hierarchical decomposition of dynamic systems with applications to estimation and control},
  journal   = {IEEE Transactions on Systems, Man, and Cybernetics},
  year      = {1983},
  number    = {2},
  pages     = {197--207},
  publisher = {IEEE},
  timestamp = {2019.08.20},
}

@Article{sezer1986nested,
  author    = {Sezer, Mesut E and {\v{S}}iljak, DD},
  title     = {Nested $\varepsilon$-decompositions and clustering of complex systems},
  journal   = {Automatica},
  year      = {1986},
  volume    = {22},
  number    = {3},
  pages     = {321--331},
  file      = {:sezer1986nested.pdf:PDF},
  publisher = {Elsevier},
  timestamp = {2019.08.20},
}

@Article{ishizaki2019retrofit,
  author    = {Ishizaki, Takayuki and Kawaguchi, Takahiro and Sasahara, Hampei and Imura, Jun-ichi},
  title     = {Retrofit control with approximate environment modeling},
  journal   = {Automatica},
  year      = {2019},
  volume    = {107},
  pages     = {442--453},
  file      = {:ishizaki2019retrofit.pdf:PDF},
  publisher = {Elsevier},
  timestamp = {2019.08.21},
}

@Article{rantzer1996kalman,
  author  = {Rantzer, Anders},
  journal = {Systems \& Control Letters},
  title   = {On the {Kalman-Yakubovich-Popov} lemma},
  year    = {1996},
  number  = {1},
  pages   = {7--10},
  volume  = {28},
  file    = {:rantzer1996kalman.pdf:PDF},
}

@Article{hines2011equilibrium,
  author    = {Hines, George H and Arcak, Murat and Packard, Andrew K},
  journal   = {Automatica},
  title     = {Equilibrium-independent passivity: A new definition and numerical certification},
  year      = {2011},
  number    = {9},
  pages     = {1949--1956},
  volume    = {47},
  file      = {:hines2011equilibrium.pdf:PDF},
  publisher = {Elsevier},
}

@Article{stegink2017stabilization,
  author    = {Stegink, Tjerk W and De Persis, Claudio and van der Schaft, Arjan J},
  journal   = {IFAC-PapersOnLine},
  title     = {Stabilization of structure-preserving power networks with market dynamics},
  year      = {2017},
  number    = {1},
  pages     = {6737--6742},
  volume    = {50},
  file      = {:stegink2017stabilization.pdf:PDF},
  publisher = {Elsevier},
}

@Article{mabrok2014generalizing,
  author    = {Mabrok, Mohamed A and Kallapur, Abhijit G and Petersen, Ian R and Lanzon, Alexander},
  journal   = {IEEE Transactions on Automatic Control},
  title     = {Generalizing negative imaginary systems theory to include free body dynamics: Control of highly resonant structures with free body motion},
  year      = {2014},
  number    = {10},
  pages     = {2692--2707},
  volume    = {59},
  file      = {:mabrok2014generalizing.pdf:PDF},
  publisher = {IEEE},
}

@Article{xiong2010negative,
  author    = {Xiong, Junlin and Petersen, Ian R and Lanzon, Alexander},
  journal   = {IEEE Transactions on Automatic Control},
  title     = {A negative imaginary lemma and the stability of interconnections of linear negative imaginary systems},
  year      = {2010},
  number    = {10},
  pages     = {2342--2347},
  volume    = {55},
  file      = {:xiong2010negative.pdf:PDF},
  publisher = {IEEE},
}

@Article{simpson2019equilibrium,
  author    = {Simpson-Porco, John W},
  journal   = {IEEE Transactions on Automatic Control},
  title     = {Equilibrium-independent dissipativity with quadratic supply rates},
  year      = {2019},
  number    = {4},
  pages     = {1440--1455},
  volume    = {64},
  file      = {:simpson2019equilibrium.pdf:PDF},
  publisher = {IEEE},
}

@Article{yang2019distributed,
  author    = {Yang, Peng and Liu, Feng and Wang, Zhaojian and Shen, Chen},
  journal   = {IEEE Transactions on Power Systems},
  title     = {Distributed Stability Conditions for Power Systems with Heterogeneous Nonlinear Bus Dynamics},
  year      = {2019},
  file      = {:yang2019distributed.pdf:PDF},
  publisher = {IEEE},
}

@Article{wang2018distributed,
  author    = {Wang, Zhaojian and Liu, Feng and Pang, John ZF and Low, Steven H and Mei, Shengwei},
  journal   = {IEEE Transactions on Power Systems},
  title     = {Distributed optimal frequency control considering a nonlinear network-preserving model},
  year      = {2018},
  number    = {1},
  pages     = {76--86},
  volume    = {34},
  file      = {:wang2018distributed.pdf:PDF},
  publisher = {IEEE},
}

@Article{narasimhamurthi1984existence,
  author    = {Narasimhamurthi, NATARAJAN},
  journal   = {IEEE transactions on circuits and systems},
  title     = {On the existence of energy function for power systems with transmission losses},
  year      = {1984},
  number    = {2},
  pages     = {199--203},
  volume    = {31},
  file      = {:narasimhamurthi1984existence.pdf:PDF},
  publisher = {IEEE},
}

@Article{petersen2010feedback,
  author    = {Petersen, Ian R and Lanzon, Alexander},
  journal   = {IEEE Control Systems Magazine},
  title     = {Feedback control of negative-imaginary systems},
  year      = {2010},
  number    = {5},
  pages     = {54--72},
  volume    = {30},
  publisher = {IEEE},
}

@Article{monshizadeh2019conditions,
  author    = {Monshizadeh, Nima and Monshizadeh, Pooya and Ortega, Romeo and van der Schaft, Arjan},
  journal   = {Systems \& Control Letters},
  title     = {Conditions on shifted passivity of port-Hamiltonian systems},
  year      = {2019},
  pages     = {55--61},
  volume    = {123},
  publisher = {Elsevier},
}

@Comment{jabref-meta: databaseType:bibtex;}
